4724 5942
274 590 363 656 eiam
402 588 490 664 Quod
513 587 584 654 loeo
609 589 627 652 1
652 589 727 654 'lim
750 589 783 671 2,
805 591 836 654 5.
859 599 972 658 exstm:
995 589 1143 681 deiparae<
1162 589 1289 682 Qvod<
1308 591 1416 668 Ἰησοῦς
1434 597 1451 658 ὁ
1471 584 1538 670 δούς
1557 595 1673 676 manda,
1695 595 1735 660 ad
1754 613 1819 660 ram
1839 613 1934 680 prae·

274 712 391 770 mntem
413 706 517 786 ntigue
538 703 615 768 trahi
636 703 748 770 dabara
767 723 828 770 non
849 713 964 772 temere
982 707 1119 788 dixerim,
1139 710 1196 774 sed
1215 710 1302 774 aliem
1320 711 1478 790 rationem,
1499 729 1560 794 gua
1579 729 1688 776 nomen
1702 708 1855 800 ἄνθρακος
1869 712 1936 778 sina

274 819 401 884 arficulo
421 821 551 902 pesitum
571 819 689 886 facilius
708 821 845 904 expediri
866 823 973 904 possit,
994 823 1047 886 vix
1065 826 1196 906 reperio.
1234 823 1266 888 ln
1283 825 1352 890 loco
1371 833 1469 894 eutem
1492 825 1506 888 1
1528 825 1578 888 lo.
1601 825 1632 919 5,
1652 824 1695 888 20
1714 845 1804 909 quum
1825 797 1932 892 verba:

275 924 406 1000 didam
426 939 497 1023 ἡμῖν
521 923 652 1000 διάνοιαν
674 935 935 1024 impraesumpta
962 936 1016 1002 τὸν
1037 935 1175 1010 ἀληθινὸν
1201 939 1259 1005 hoe
1286 959 1378 1006 sensu
1404 941 1483 1006 dicta
1509 958 1582 1006 esse
1607 949 1722 1024 putem:
1750 959 1817 1006 earn
1844 939 1933 1006 nobis

275 1059 403 1116 mentem
425 1050 523 1131 dedit,
550 1058 583 1115 ut
604 1067 709 1114 veram
731 1050 828 1146 lisam
850 1069 1121 1137 cognosceremur,
1145 1053 1259 1120 buchio
1281 1055 1449 1135 adsentior,
1476 1056 1528 1139 qui
1554 1055 1711 1120 erboulnm
1732 1057 1845 1122 nomini
1868 1045 1933 1120 dad-
1972 1067 1974 1072 ·

274 1189 354 1232 νοιαν
375 1165 601 1251 praeligendum
623 1165 759 1250 subjecta
771 1151 961 1252 ‘epexegesiz
983 1167 1033 1238 lau
1054 1167 1242 1258 γινώσκοιμαν
1264 1187 1443 1253 oppressum
1465 1170 1654 1236 existimavit

430 1279 571 1346 Ceteram
594 1281 675 1364 quod
697 1281 735 1346 de
757 1282 923 1365 participiis
942 1283 995 1348 illo
1015 1283 1104 1348 modo
1123 1285 1303 1366 constructis
1322 1284 1461 1364 diximus,
1483 1303 1502 1350 a
1520 1285 1581 1350 loci
1600 1286 1808 1368 cujuscunque
1825 1293 1932 1352 natura

272 1396 490 1480 dijudicandam
512 1415 595 1478 esse,
617 1405 716 1462 utrum
734 1399 865 1479 ιιοιαίιια,
890 1399 997 1482 quibus
1016 1397 1172 1482 subjuncta
1192 1408 1271 1480 sunt,
1293 1399 1444 1464 definitam
1461 1401 1614 1466 notionem
1634 1402 1806 1484 exprimant
1819 1419 1929 1482 necne,

272 1512 364 1578 idda
385 1520 451 1578 toto
478 1531 595 1598 genera
622 1513 797 1593 beandum,
815 1514 907 1596 guod
932 1515 963 1578 in
991 1531 1030 1578 ao
1057 1522 1211 1594 versatur,
1238 1523 1271 1579 ut
1295 1514 1464 1579 nonninibus
1486 1515 1641 1580 amiculum
1669 1533 1732 1580 non
1753 1516 1931 1583 habentibus

271 1627 410 1692 attributa
433 1647 489 1692 sua
511 1647 579 1692 cum
601 1629 729 1693 articulo
751 1629 851 1712 posita
874 1628 1101 1713 subjungantur.
1137 1627 1248 1694 Eadem
1266 1631 1297 1694 in
1316 1630 1363 1694 his
1383 1629 1463 1713 apud
1481 1631 1649 1713 scriptores
1668 1632 1741 1694 novi
1760 1633 1932 1698 testamenii

271 1753 360 1828 atque
381 1745 461 1828 apud
484 1743 619 1808 Graecos
642 1744 802 1808 diversitas
824 1751 880 1808 ast
925 1743 1002 1808 Aliis
1024 1745 1103 1806 anim
1125 1743 1201 1808 locis
1228 1747 1346 1810 nomina
1374 1745 1432 1810 hoe
1459 1746 1549 1810 modo
1576 1744 1742 1826 cobocata,
1769 1765 1806 1810 aa
1833 1765 1929 1830 prae·

269 1860 389 1939 ratim,
417 1877 541 1942 guarum
563 1867 669 1926 natura
692 1865 755 1938 est,
783 1866 816 1922 ut
838 1858 965 1922 articulo
986 1875 1094 1924 carere
1121 1860 1237 1942 possint
1258 1860 1331 1936 (eir.
1353 1861 1426 1924 Phil.
1449 1859 1554 1925 Buttm
1577 1878 1702 1945 mamm.
1724 1865 1755 1934 ς.
1781 1861 1853 1926 125.
1877 1861 1929 1942 3),

270 1973 410 2038 dedeima
433 1975 564 2038 notionis
587 1982 671 2054 sunt,
698 1948 767 2040 aliis
787 1973 958 2038 indefinitae
984 1973 1057 2050 (eir.
1080 1973 1191 2038 Biuml.
1217 1993 1341 2060 gramm.
1362 1981 1393 2050 ς
1416 1973 1489 2040 311.
1512 1976 1550 2040 Α.
1573 1975 1603 2040 2.
1626 1975 1661 2040 G.
1685 1975 1780 2040 Curtii
1801 1995 1927 2062 gramm

271 2093 301 2164 S
323 2087 398 2152 385·
421 2093 476 2164 bl·
1004 2149 1006 2154 -
1785 2147 1793 2168 .

426 2203 475 2268 Ad
497 2204 614 2286 reliqua
636 2203 717 2288 quod
738 2205 854 2283 attinet,
877 2222 966 2288 gnum
988 2203 1124 2289 singalas
1145 2205 1337 2286 qmasuoms
1358 2205 1396 2269 de
1415 2205 1541 2270 articulo
1561 2205 1610 2270 ΑΙ.
1629 2204 1826 2272 Buttmannus
1846 2213 1929 2270 tenu

269 2318 424 2404 diligentia
446 2317 626 2398 absolverit,
653 2325 687 2382 ut
712 2320 786 2384 nihil
811 2319 876 2384 lara
903 2337 1066 2404 superasse
1093 2319 1245 2400 videatur,
1272 2320 1332 2386 duc
1358 2321 1562 2386 tantammodo
1589 2321 1676 2386 locos
1702 2341 1743 2386 cx
1764 2321 1927 2406 evangelio

268 2435 363 2500 llarci
385 2452 501 2518 eosque
523 2432 708 2498 difficiliores
729 2434 827 2498 adhuc
849 2435 880 2500 iu
902 2435 1031 2500 medium
1052 2434 1214 2517 proferam.
1257 2435 1344 2502 Alter
1365 2444 1462 2502 estc.
1487 2440 1516 2516 7,
1543 2435 1608 2517 tlt,
1630 2437 1759 2522 insignis
1780 2437 1927 2502 varietata

268 2549 418 2629 lectionis,
443 2568 530 2634 quam
552 2549 676 2616 codices
699 2549 853 2616 exhibent:
877 2554 916 2624 αις
936 2549 990 2614 τόν
1008 2538 1163 2638 ἀριδρῶνα
1183 2548 1380 2639 ἐκπορεύεται,
1403 2542 1567 2638 καθαρίζων
1588 2587 1621 2598 -
1642 2551 1692 2614 ιιο1
1710 2543 1866 2640 καθαρίζον
1886 2587 1920 2598 -

267 2661 368 2730 πάντα
388 2664 430 2730 τοι
452 2665 605 2754 βρώματα
650 2665 725 2730 Nam
748 2665 829 2748 quod
851 2662 925 2729 eoo.
949 2663 1086 2728 Cantabr.
1108 2663 1209 2728 habet:
1236 2657 1398 2754 καθαρίζει,
1425 2667 1508 2730 ιιιιΙΙο
1535 2670 1564 2730 in
1593 2685 1720 2732 numero
1742 2667 1925 2750 ponendum.

268 2781 329 2846 lllis
351 2789 453 2846 autem
475 2799 514 2844 cx
535 2781 715 2846 lectionibus
737 2781 764 2844 si
787 2797 914 2864 quaeras
937 2787 1003 2844 utra
1025 2780 1113 2846 alteri
1134 2779 1332 2864 praeferenda
1354 2782 1403 2860 sit,
1425 2773 1580 2871 καθαριζον
1599 2784 1763 2868 genuinum
1784 2799 1855 2846 asse
1875 2782 1927 2847 vix

269 2895 473 2960 dubitaverim.
512 2897 655 2971 Quamvis
675 2897 764 2976 enirn,
788 2896 868 2980 quod
887 2893 1082 2960 Buttmannus
1101 2902 1206 2958 noster
1226 2899 1273 2970 (s.
1292 2893 1363 2958 123.
1379 2893 1417 2972 ’5)
1438 2914 1505 2960 οιιιιι
1523 2897 1712 2962 Lachmanno
1728 2905 1759 2960 et
1775 2873 1925 2960 Tischer-⁸

267 3011 363 3076 dorio
385 3012 586 3095 amplectitur,
610 3001 775 3098 καθαρίζων
794 3020 826 3076 et
844 3011 943 3076 alieno
963 3029 1035 3076 essu
1055 3019 1088 3076 et
1105 3011 1172 3074 sine
1192 3009 1319 3074 articulo
1340 3029 1407 3074 cum
1427 3011 1548 3074 nomine
1562 2999 1718 3100 ἀφεδρῶνα
1733 3013 1924 3094 conjunctum

267 3145 308 3192 ax
328 3145 383 3192 usu
404 3129 478 3192 novi
490 3129 669 3192 testamenti
691 3129 765 3192 satis
787 3125 908 3191 delendi
929 3127 1036 3209 possit,
1060 3126 1208 3190 sententia
1226 3133 1324 3190 umen
1344 3126 1435 3190 multo
1455 3127 1633 3190 concinnior
1651 3127 1775 3208 prodire
1794 3127 1934 3207 videtur,

263 3244 503 3327 siparticipium
525 3251 663 3308 ιιοιιιιιιιιι
684 3231 840 3332 καθαρ1ζον
864 3241 902 3306 ad
924 3259 989 3304 rem
1011 3248 1043 3304 et
1064 3241 1304 3306 enunciationem
1325 3242 1494 3306 universam
1521 3243 1562 3306 ita
1584 3240 1749 3320 referatur,
1777 3249 1810 3304 ut
1832 3241 1924 3321 dicat,

264 3359 334 3442 qaid
356 3359 432 3422 haec
454 3357 511 3422 sibi
533 3359 606 3424 velit
628 3359 694 3422 sire
716 3357 787 3442 quid
809 3356 927 3421 efficiat.
964 3356 1070 3438 Neque
1092 3356 1199 3420 anrdus
1221 3372 1286 3424 sam
1309 3355 1347 3420 de
1369 3373 1493 3420 numero
1515 3357 1668 3436 codicum,
1692 3357 1742 3440 qui
1764 3358 1924 3442 participio

263 3473 430 3540 masculino
452 3474 562 3538 lavam.
606 3473 683 3539 Nam
704 3482 738 3538 ut
758 3473 832 3538 nihil
853 3473 951 3536 dinam
972 3471 1011 3536 de
1032 3471 1251 3556 pannutaticna
1273 3470 1426 3534 literarum
1449 3493 1465 3534 ο
1487 3479 1517 3536 at
1538 3495 1563 3535 οι
1582 3481 1617 3536 at
1642 3471 1782 3536 facillima
1804 3481 1835 3536 et
1856 3471 1924 3536 fre·

264 3589 474 3672 meabarima,
501 3590 567 3673 ipsa
589 3588 755 3654 scribarum
777 3587 895 3652 mabilia
917 3587 976 3652 hoc
997 3586 1107 3652 iachim
1128 3593 1218 3668 puto,
1240 3593 1273 3648 ut
1295 3585 1511 3670 elegantiorem
1533 3587 1614 3652 illam
1635 3587 1796 3654 verborum
1819 3597 1923 3652 sinuc-

264 3713 370 3785 turam,
392 3721 469 3787 quae
483 3705 642 3788 participio
656 3697 766 3768 neutro
782 3703 920 3783 afficitur,
943 3719 1003 3766 non
1018 3701 1200 3766 intellectam
1215 3718 1271 3766 suo
1286 3719 1371 3766 more
1385 3701 1529 3768 audacter
1548 3705 1746 3788 corrigerent.
1784 3703 1922 3766 lllterunr

264 3819 332 3884 huic
352 3820 452 3884 lacurn
474 3819 607 3904 adjungo
630 3837 670 3884 cx
691 3838 739 3882 ev.
762 3819 856 3884 blarci
878 3837 905 3882 c.
929 3818 961 3897 5,
985 3815 1037 3882 36.
1073 3816 1108 3880 ln
1130 3833 1201 3898 quo,
1223 3823 1343 3880 servata
1366 3816 1496 3880 lectione
1517 3825 1618 3882 textus
1641 3819 1769 3901 recepti:
1793 3817 1921 3894 ἀκούσας

261 3934 316 4000 cde
335 3934 424 4024 λόγον
446 3933 640 4022 λαλούμενον,
663 3934 791 4018 abnuam
814 3933 1017 3998 difficultatem
1039 3933 1141 3996 inesse
1165 3934 1200 4005 (a
1215 3929 1382 3996 Fritrschio
1402 3932 1528 4014 aliisque
1548 3934 1760 4016 interpretibus
1780 3952 1842 3998 non
1862 3932 1921 3998 oh·

261 4053 430 4126 sensum)
451 4049 647 4114 Buttnrannns
669 4054 717 4126 (s.
742 4048 815 4114 111.
840 4049 891 4113 16.
914 4067 944 4132 p.
965 4044 1048 4121 259)
1067 4048 1144 4110 scite
1170 4047 1323 4128 exposuit:
1345 4047 1424 4111 idern
1443 4055 1553 4128 ιιιοιοιι,
1576 4067 1665 4130 qaum
1685 4067 1750 4114 sam
1772 4050 1921 4114 existimet

261 4165 408 4230 medelam
430 4183 500 4230 esse
523 4165 734 4245 adhibendam,
762 4171 795 4228 ut
817 4165 936 4228 testium
960 4161 1143 4245 quorundam
1166 4160 1225 4224 lida
1252 4169 1303 4226 aut
1325 4163 1477 4226 omittatur
1503 4161 1685 4249 λαλούμενον
1713 4172 1763 4228 ant
1784 4163 1920 4246 praefixo

262 4279 388 4344 articulo
411 4279 544 4366 legatur:
566 4281 619 4346 τὸν
646 4279 842 4366 λαλούμενον,
865 4278 1040 4364 neglexisse
1061 4276 1190 4356 videtur,
1214 4277 1293 4358 quod
1316 4277 1439 4342 codices
1457 4279 1708 4361 praestantissimi
1727 4279 1918 4360 (Vaticanus,

261 4395 404 4479 Stephani
426 4418 446 4468 η
469 4405 500 4460 et
522 4396 747 4482 sangallensis)
769 4395 935 4460 remedium
957 4393 1105 4471 offerunt,
1127 4409 1144 4454 o
1168 4391 1394 4456 Tischendorfio
1417 4395 1583 4476 probatum.
1629 4393 1701 4458 (λιιι
1724 4393 1769 4458 his
1791 4396 1870 4458 enirn
1893 4395 1920 4457 si

258 4511 358 4596 legas:
373 4511 561 4600 παρακούσας
575 4509 732 4602 τὸνλόγον
747 4509 929 4597 λαλούμινον
944 4505 1039 4594 (quod
1054 4507 1180 4572 internis
1194 4525 1290 4590 aeque
1305 4510 1490 4592 argumentis
1505 4517 1594 4591 atqua
1609 4509 1726 4572 testium
1742 4510 1921 4576 auctoritate

259 4628 517 4706 commendatur),
545 4627 626 4692 nulla
652 4629 715 4711 jara
742 4625 901 4690 difficultas
930 4625 1095 4708 supererit,
1125 4624 1272 4688 sententia
1302 4632 1401 4688 autam
1429 4624 1517 4707 plene
1547 4623 1702 4688 commode
1732 4623 1920 4690 redundabit

258 4743 334 4807 Nam
355 4744 602 4829 archisynagogo
624 4761 714 4826 quum
737 4759 819 4806 mors
841 4741 952 4806 filiolae
975 4760 993 4804 a
1019 4740 1084 4804 suis
1106 4739 1244 4804 nunciata
1273 4749 1370 4820 esset,
1397 4738 1487 4804 Jcsus
1515 4738 1638 4803 verbum
1665 4737 1723 4804 boc
1752 4739 1862 4804 dietum
1886 4759 1921 4804 se

258 4860 378 4926 audisse
400 4859 592 4926 dissimulans
616 4863 670 4936 (cr
695 4857 758 4922 that
785 4857 830 4924 als
858 4858 897 4922 ob
925 4875 960 4920 ar
986 4856 1040 4920 das
1067 4854 1156 4919 Wort
1177 4854 1259 4919 nicht
1285 4854 1366 4928 britte
1393 4853 1542 4938 sprachen
1566 4854 1678 4930 boren)
1701 4853 1838 4920 bortatur
1859 4855 1917 4919 ad-

256 4976 379 5056 flictum,
401 4983 434 5040 ut
456 4975 545 5053 idern
567 4975 679 5040 habers
701 4983 810 5060 pergat
832 4981 862 5038 et
884 4973 957 5038 nihil
977 4979 1074 5036 motus
1094 4971 1146 5036 illc
1164 4971 1275 5034 nuncio
1295 4969 1333 5034 ad
1354 4970 1494 5034 sastilium
1514 4969 1669 5034 lcrcndum
1689 4988 1758 5034 sese
1778 4971 1917 5055 accingit.

416 5094 446 5164 s.
470 5090 519 5156 lll.
558 5091 595 5156 Ut
617 5095 726 5157 novam
745 5107 825 5153 nunc
844 5091 997 5154 materiam
1017 5086 1189 5175 adgrediar,
1211 5085 1353 5152 brevibus
1372 5085 1473 5150 verbis
1494 5086 1531 5150 de
1550 5086 1696 5171 singulari
1716 5086 1842 5170 quodam
1860 5105 1918 5151 usu

1578 5201 1599 5266 2
