4716 5950
1129 388 1373 470 ..18-

415 597 566 679 Quoniam
594 619 669 666 vero
698 604 795 666 series
824 611 855 667 et
877 605 1062 668 continuatio
1086 605 1299 668 sententiarum
1322 605 1353 666 in
1376 602 1435 666 hoc
1458 604 1528 667 loco
1551 603 1642 687 paulo
1663 603 1836 686 impeditior
1861 609 1923 682 est,
1952 617 2013 666 non
2037 599 2091 666 aba

417 709 453 782 re
476 717 542 781 lore
566 716 711 797 arbitror,
741 719 768 782 si
791 737 847 802 per
871 719 1063 782 occasionem
1086 717 1219 784 breviter
1240 721 1450 802 exposuerim,
1479 717 1630 800 quomodo
1654 717 1773 802 singula
1795 733 1932 799 quaeque
1954 717 2033 781 inter
2055 733 2091 782 sc

417 852 556 898 connexa
579 851 649 896 esse
672 834 742 898 mibi
764 835 931 898 videantur.
976 833 1076 917 ipsum
1100 835 1218 918 quidem
1241 841 1465 918 argumentum,
1495 835 1526 897 in
1555 851 1615 916 quo
1644 831 1802 896 tractando
1832 831 1988 914 apostolus
2012 849 2088 895 ver-

417 957 515 1028 satur,
539 949 653 1028 idest,
677 950 756 1032 quod
779 969 806 1012 v.
826 949 875 1011 15.
897 949 1028 1013 exhibet.
1067 948 1152 1023 Quae
1173 949 1210 1012 de
1226 951 1296 1032 jure
1317 950 1487 1033 apostolico
1509 949 1673 1026 monuerit,
1696 965 1757 1011 non
1772 965 1811 1010 eo
1827 946 1957 1012 consido
1978 947 2090 1010 monita

416 1065 505 1144 dicit,
528 1073 561 1128 ιιι
580 1065 647 1146 ipse
669 1065 721 1128 iiio
744 1071 842 1128 utatur
860 1065 1031 1147 victumque
1051 1067 1088 1128 ab
1109 1065 1248 1129 ecclesiis
1270 1063 1442 1130 christianis
1466 1063 1523 1127 sibi
1545 1061 1711 1148 praebitum
1735 1064 1877 1146 aecipint;
1899 1061 1989 1126 malle
2011 1064 2091 1126 enim

418 1199 453 1245 se
477 1188 602 1244 mortem
634 1183 694 1264 pati
717 1199 805 1262 quam
834 1181 980 1264 perdere,
1010 1181 1040 1242 in
1064 1198 1124 1262 quo
1146 1181 1305 1264 glorietur.
1339 1179 1418 1243 'iarn
1441 1181 1557 1262 reliqua
1579 1187 1612 1242 ut
1633 1178 1684 1243 vel
1706 1180 1802 1262 ipsius
1825 1177 1926 1242 verbis
1948 1186 2016 1242 utar
2038 1179 2090 1244 vel

418 1297 595 1380 paraphrasi
617 1295 781 1374 illustrem,
804 1315 832 1358 ν.
857 1296 907 1357 16.
928 1303 958 1358 et
980 1295 1029 1358 17.
1053 1297 1083 1358 in
1103 1295 1181 1358 hunc
1204 1295 1323 1358 modum
1345 1298 1460 1380 pergit:
1484 1294 1675 1379 evangelium
1698 1294 1819 1375 quidem
1841 1293 2035 1376 praedicare,
2058 1295 2089 1358 id

417 1413 516 1495 ipsum
545 1411 615 1474 mihi
638 1429 697 1474 non
721 1419 769 1474 est
790 1410 924 1494 glorise;
954 1427 1021 1474 nam
1045 1411 1103 1474 hoc
1126 1419 1158 1473 ut
1180 1409 1300 1489 mohin,
1332 1411 1499 1476 necessitas
1527 1411 1597 1474 mibi
1624 1412 1756 1494 injuncta
1778 1417 1826 1472 est
1849 1415 1925 1485 (vae
1948 1409 2034 1490 mihi,
2064 1412 2091 1474 si

418 1545 525 1592 nrunus
546 1528 604 1590 hoc
624 1525 765 1590 divinitus
787 1525 994 1590 demandatum
1014 1544 1074 1610 ego
1095 1525 1331 1603 deserueriml);
1353 1527 1394 1590 ita
1415 1528 1525 1610 quippe
1542 1547 1576 1590 sc
1591 1545 1643 1591 res
1657 1526 1758 1605 babet,
1781 1533 1824 1604 ut,
1847 1543 1937 1607 quum
1952 1527 2089 1608 praemio

420 1643 529 1727 dignus
551 1643 623 1722 sinn,
646 1643 672 1704 si
695 1639 822 1704 libenter
844 1642 873 1704 id
897 1659 1063 1724 exsequar,
1087 1649 1188 1724 partes
1211 1643 1343 1704 muneris
1366 1642 1457 1707 delati
1480 1643 1529 1706 vsi
1550 1644 1660 1706 invitus
1683 1641 1811 1726 explere
1834 1639 1958 1705 debeam
1976 1639 2029 1716 ¹¹).

580 1755 733 1835 Ceterum,
757 1763 789 1819 ut
807 1757 902 1820 libere
922 1755 1018 1821 fatear
1037 1756 1108 1838 quid
1128 1756 1199 1820 mihi
1220 1759 1408 1841 propositum
1430 1759 1484 1836 sit,
1508 1761 1596 1822 etiarn
1619 1761 1650 1822 in
1670 1757 1728 1821 hac
1750 1758 1927 1840 quaestione
1948 1756 1985 1818 de
2008 1754 2090 1820 modi

417 1873 570 1936 indicativi
592 1881 730 1954 tempore
752 1874 922 1954 praesenti,
945 1871 1099 1956 singulare
1120 1873 1230 1956 aliquid
1253 1875 1418 1957 praecipue
1440 1875 1591 1957 spectavi,
1614 1873 1695 1956 quod
1717 1874 1823 1936 nescio
1843 1889 1882 1934 an
1902 1872 1954 1935 ilio
1974 1889 2014 1934 ex
2032 1887 2090 1934 usn

420 1988 577 2072 explanari
599 1987 706 2070 possit.
746 1985 855 2050 Christi
876 1988 996 2052 silatum
1016 1988 1083 2052 dico
1104 1988 1177 2052 iilud
1195 1986 1436 2078 nohobpdhhncov
1457 1991 1487 2053 in
1507 2009 1616 2075 evang.
1641 1987 1744 2052 blattis.
1760 2007 1786 2050 c.
1805 1987 1856 2066 ii,
1875 1987 1926 2050 12.
1948 1987 2089 2050 relatum

420 2103 481 2168 ἀπὸ
497 2093 530 2167 δὲ
544 2112 606 2166 τῶν
621 2107 738 2191 ἡμερῶν
760 2099 896 2166 Ἰωάννου
915 2111 970 2166 τοῦ
992 2102 1157 2185 βαπτιστοῦ
1177 2102 1232 2177 ἕως
1246 2103 1312 2192 ἄρτι
1326 2108 1346 2176 ai
1362 2105 1497 2186 βασιλεία
1516 2113 1577 2168 τῶν
1598 2105 1729 2192 οὐρανῶν
1749 2093 1885 2187 βιάζεται
1904 2103 1955 2166 καὶ
1970 2101 2090 2185 βιασταὶ

419 2211 597 2308 ἁρπάζουσιν
617 2219 721 2290 αὑτήν.
759 2219 877 2299 Deque
894 2211 1042 2286 sententia
1058 2217 1181 2302 longum
1197 2227 1245 2282 est
1259 2227 1290 2281 et
1304 2237 1322 2282 a
1337 2229 1442 2283 nostro
1465 2219 1594 2283 consilio
1615 2219 1745 2284 alienum
1765 2235 1930 2282 recensere
1950 2215 2092 2300 quidquid

419 2337 603 2419 interpretes
626 2333 787 2399 commenti
810 2341 891 2408 sunt3
922 2334 1079 2396 maximam
1108 2333 1228 2416 quidem
1253 2335 1359 2398 horum
1383 2337 1603 2412 dissensionem
1625 2335 1749 2398 esseio
1772 2334 1882 2418 vulgus
1905 2343 2007 2398 notum
2030 2340 2091 2410 σοις

418 2471 495 2536 iprae
516 2459 614 2516 autem
637 2450 801 2514 novissima
822 2455 921 2512 exstat
939 2451 1149 2532 interpretatio
1170 2451 1298 2532 Zyronis
1321 2452 1370 2526 (in
1391 2451 1468 2514 libro
1488 2451 1659 2533 periodico:
1683 2450 1774 2514 theol.
1791 2450 1915 2515 Studien
1936 2449 1998 2514 und
2016 2447 2091 2512 lirin

421 2567 516 2632 1860.
540 2567 570 2632 2.
594 2585 693 2650 nuper
714 2547 867 2649 prolata),
891 2581 1002 2628 vereor
1024 2573 1057 2628 ut
1079 2565 1178 2629 moltis
1200 2565 1356 2649 probetur.
1393 2565 1468 2629 iiam
1492 2566 1550 2629 alia
1572 2573 1604 2629 υι
1626 2575 1757 2647 taceam,
1781 2565 1838 2630 bac
1860 2567 1989 2630 maxima
2011 2565 2090 2628 din·

420 2683 533 2748 onitate
555 2681 688 2761 laborat,
711 2681 791 2763 quod
812 2673 989 2770 ἁρπάζουσιν
1011 2680 1049 2745 de
1065 2679 1184 2745 Christo
1204 2689 1236 2746 et
1255 2679 1365 2777 (βιιίοιί
1384 2681 1570 2764 adjutoribus
1590 2681 1701 2745 dictum
1719 2681 1784 2746 vult
1803 2701 1839 2746 ea
1860 2681 2093 2766 significatione,

420 2807 454 2865 ut
475 2799 535 2863 hoc
557 2798 682 2862 verbum
705 2795 817 2861 valeat:
849 2796 887 2861 ad
915 2799 1055 2860 eiiectum
1083 2797 1262 2879 perducere.
1309 2797 1393 2872 Quae
1422 2798 1601 2882 significatio
1632 2815 1721 2880 quum
1743 2813 1800 2861 usu
1823 2796 1945 2881 linguae
1972 2797 2093 2860 minime

326 2923 330 2930 ’
374 2953 387 2968 -
418 2913 660 2992 commendetur,
688 2931 750 2976 non
773 2913 846 2976 satis
868 2911 1020 2996 intelligo,
1048 2913 1119 2994 quid
1142 2919 1296 2977 auctorem
1318 2913 1575 2996 interpretationis
1597 2913 1798 2995 permoverit,
1828 2921 1861 2978 ut
1883 2911 2093 2992 contenderet,

419 3029 545 3095 verbum
574 3020 715 3117 ἁρπάζειν
742 3035 849 3091 nostro
876 3027 947 3092 loco
976 3025 1013 3090 ad
1041 3045 1140 3091 assero
1167 3029 1225 3092 boc
1254 3027 1372 3108 valere,
1402 3047 1459 3092 nec
1487 3027 1556 3112 plns
1583 3046 1641 3092 nec
1670 3030 1777 3092 minus.
1822 3027 1929 3111 Neque
1956 3043 2031 3091 vero
2053 3026 2091 3090 iis

419 3147 569 3212 accedere
595 3158 740 3228 possum,
772 3159 849 3226 quae
877 3141 930 3206 Dr.
957 3142 1007 3206 nt.
1038 3143 1196 3224 Snicerus,
1226 3141 1346 3230 collega
1377 3143 1526 3228 quondam
1558 3153 1663 3209 noster
1691 3145 1722 3212 iu
1752 3141 1906 3208 academia
1936 3141 2093 3207 'iuricensi

421 3259 701 3347 conjunctissimus,
731 3257 847 3356 pridem
870 3258 908 3322 de
930 3258 989 3322 boc
1012 3258 1081 3322 loco
1105 3259 1213 3335 (theol.
1236 3259 1362 3324 Studien
1388 3261 1449 3324 und
1471 3259 1545 3324 iirit.
1573 3257 1667 3324 1836.
1694 3259 1742 3335 1.)
1768 3277 1912 3344 perquam
1943 3259 2094 3346 sagaciter

421 3371 453 3444 et
472 3377 631 3463 ingeniose
651 3373 801 3457 exposuit.
839 3371 914 3436 Nam
934 3391 1081 3458 provere
1098 3374 1216 3457 quidem
1236 3376 1418 3458 amplector„
1441 3375 1522 3460 guod
1542 3377 1670 3459 aliquam
1689 3377 1940 3460 vituperationem
1954 3375 1985 3438 in
2001 3374 2093 3438 eliste

420 3492 532 3557 Christi
554 3493 662 3556 inesse
688 3509 728 3553 ex
751 3495 896 3552 contextu
920 3490 1047 3569 evincit,
1072 3491 1127 3554 sed
1151 3509 1216 3554 eam
1237 3499 1310 3574 puto
1338 3491 1604 3576 vituperationem,
1628 3511 1705 3576 quae
1728 3511 1790 3556 non
1816 3492 1918 3556 verbis
1939 3481 2092 3574 βιάζεσθαι

419 3617 450 3674 et
473 3589 613 3696 ἆρπάζειν
636 3607 822 3690 exprimatur
839 3601 893 3680 η).
941 3603 1006 3669 iioc
1029 3608 1124 3685 eninr,
1154 3607 1213 3672 uisi
1236 3627 1282 3672 ine
1306 3611 1405 3672 omnis
1431 3607 1550 3688 tollunt,
1581 3610 1679 3672 oratio
1703 3615 1844 3672 contextu
1866 3605 1986 3692 planum
2009 3603 2093 3684 lacit,

418 3724 565 3789 ioannem
593 3723 751 3806 baptistam
778 3721 889 3784 leniter
916 3697 1029 3802 corrupt
1055 3740 1093 3786 eo
1117 3724 1252 3801 nornine,
1284 3725 1363 3806 quod
1386 3726 1453 3809 ipse
1471 3726 1564 3809 regni
1587 3723 1680 3788 divini
1702 3725 1883 3808 praecipuus
1906 3730 1935 3786 et
1958 3735 2092 3786 summus

419 3857 532 3924 praeco
555 3835 751 3922 propheticus
772 3837 803 3900 in
825 3835 884 3899 hoc
904 3853 965 3898 non
984 3837 1187 3920 ingrediatur,
1210 3840 1263 3901 sed
1285 3839 1370 3920 quasi
1389 3841 1421 3903 in
1442 3840 1555 3904 liminie
1575 3839 1726 3934 subslspat
1764 3837 1944 3922 Prophetiae
1963 3847 1994 3902 et
2014 3855 2091 3922 quae

424 3971 847 3990 *ψη-...ιυ-

460 4044 502 4109 11)
528 4040 731 4092 Sententiarum:
750 4035 770 4090 el
782 4035 828 4106 γὰρ
846 4034 909 4090 ineis
928 4043 978 4088 etc.
997 4043 1035 4088 et:
1054 4034 1075 4088 ai
1092 4035 1119 4088 δὲ
1135 4033 1203 4090 ἄκων
1222 4045 1272 4090 etc.
1291 4055 1347 4090 eam
1366 4041 1492 4092 rationem
1510 4057 1568 4094 esse
1586 4040 1749 4094 eminandum
1768 4040 1897 4104 existiruo,
1915 4055 1982 4107 quae
1996 4056 2029 4092 ex
2042 4053 2091 4092 osu

528 4140 686 4192 Graecorum
704 4137 914 4203 frequentissimo
932 4143 985 4198 est,
1004 4135 1051 4187 ubi
1070 4135 1121 4186 duo
1140 4137 1256 4190 membra
1273 4139 1399 4190 orationis
1417 4155 1464 4206 per
1480 4139 1622 4208 particulas
1640 4138 1682 4209 μέν
1701 4147 1727 4190 et
1745 4137 1773 4190 δέ
1789 4140 1827 4192 itu
1844 4140 1911 4190 inter
1928 4154 1956 4190 se
1975 4139 2093 4206 opposita

526 4244 600 4298 sunt,
619 4244 648 4286 ut
665 4236 736 4302 prius
753 4235 896 4286 membrum
914 4235 1062 4286 secundarii
1078 4235 1175 4286 ordinis
1191 4235 1351 4300 habendum,
1369 4239 1491 4306 primarie
1506 4239 1636 4288 sententia
1651 4239 1679 4288 in
1694 4237 1776 4288 altero
1791 4239 1877 4305 posita
1893 4239 1934 4288 sit.
1968 4239 2089 4288 Winerus

530 4335 634 4401 quidem
654 4335 686 4398 (5.
701 4335 741 4384 66.
760 4335 781 4384 Ι.
802 4337 827 4384 1.
847 4333 871 4384 d.
889 4333 923 4402 β.)
942 4335 969 4383 in
985 4333 1036 4384 hac
1054 4335 1245 4385 constructione
1264 4335 1307 4405 μέν
1325 4337 1427 4386 reticeri
1445 4345 1532 4403 negot,
1552 4344 1578 4387 et
1595 4335 1755 4387 Fritnschius
1769 4337 1803 4386 nd
1815 4337 1888 4388 Rom.
1907 4339 1947 4398 10,
1965 4335 2012 4397 19,
2031 4349 2093 4399 quo·

527 4420 679 4497 tiescunque
694 4429 736 4501 priv
750 4447 802 4483 noc
816 4433 941 4499 scriptum
956 4435 999 4497 sit,
1016 4448 1050 4483 ne
1063 4433 1207 4499 cogitatum
1222 4433 1326 4499 quidem
1340 4449 1396 4484 esee
1409 4435 1606 4500 ascriptoribus
1622 4435 1697 4486 dicit:
1717 4435 1763 4486 sed
1776 4437 1858 4489 misse
1870 4435 1920 4489 hac
1934 4433 2093 4500 quaestione,

527 4529 589 4596 quid
607 4531 745 4599 scriptores
763 4531 825 4583 nevi
843 4533 990 4582 immoranti
1009 4532 1182 4599 cogitaverint
1199 4537 1244 4582 ant
1262 4547 1314 4582 non
1333 4533 1517 4600 cogitaverint,
1540 4534 1673 4585 sexcentis
1698 4533 1825 4601 exemplis
1848 4533 1986 4602 probatum
2008 4532 2092 4595 rideo,

528 4630 682 4696 saepissime
700 4631 728 4680 in
746 4645 813 4682 novo
830 4637 986 4682 temmentc
1004 4630 1089 4682 solum
1107 4629 1134 4682 δέ
1150 4631 1206 4682 sine
1230 4629 1398 4698 praecedente
1417 4629 1459 4699 μὲν
1478 4633 1540 4698 poni
1557 4647 1587 4683 eo
1609 4633 1682 4696 ioco,
1700 4633 1746 4684 nbi
1764 4634 1852 4700 graeci
1871 4633 2010 4700 scriptores
2025 4632 2093 4684 hanc

524 4728 736 4792 conjunctionem
754 4728 796 4797 μιν
814 4745 866 4780 non
884 4730 1007 4780 omissuri
1026 4729 1144 4781 inissent.
1180 4731 1290 4794 Deque
1309 4729 1501 4782 consentientes
1520 4731 1604 4784 habeo
1623 4739 1743 4784 suctores
1761 4731 1946 4800 gravissimos,
1973 4731 2093 4784 Baeumi.

531 4826 645 4878 Gramm.
665 4829 689 4890 ξ.
709 4828 768 4878 678.
786 4827 862 4880 Anm.
881 4833 908 4878 et
924 4827 967 4878 et.
985 4827 1081 4880 Bnttm.
1100 4831 1122 4892 β.
1145 4831 1202 4880 1ts.
1225 4833 1264 4878 li.

462 4927 505 4994 12)
531 4925 601 4975 Pace
619 4924 647 4975 id
665 4925 775 4976 dixerim
794 4925 819 4976 S.
839 4927 869 4976 V.
888 4925 933 4976 Dr.
953 4925 1139 4990 Weizsaeireri,
1158 4928 1287 4978 censentis
1306 4928 1386 4980 verba
1403 4943 1420 4978 a
1437 4925 1569 4980 Mattbeeo
1588 4929 1716 4981 exhibita:
1739 4923 1835 4994 dicerni
1855 4921 2001 4994 ἁρπάζουσιν
2020 4923 2093 4990 αὐτήν

528 5039 579 5074 non
598 5039 676 5090 posse
694 5039 745 5074 non
763 5025 792 5074 in
812 5039 915 5075 sensum
934 5023 1086 5075 deteriorem
1108 5026 1191 5092 accipi
1211 5033 1236 5075 et
1254 5025 1286 5074 de
1303 5027 1336 5076 iis
1356 5025 1427 5076 dicta
1446 5041 1516 5088 esse,
1542 5041 1608 5092 quae
1634 5027 1719 5077 aliene
1743 5023 1776 5074 ab
1800 5023 1888 5077 indole
1912 5027 1987 5095 regni
2010 5025 2092 5077 divini

529 5123 555 5174 in
574 5123 625 5175 boc
644 5125 790 5192 irruperint.
827 5121 905 5188 (Vide
923 5123 1064 5174 Annalium
1082 5122 1231 5191 theologiae
1250 5124 1396 5175 teutonicae
1413 5123 1471 5174 Vol.
1491 5129 1516 5177 1.
1537 5123 1613 5176 Fasc.
1634 5129 1657 5174 4.
1676 5139 1702 5191 p.
1723 5125 1793 5193 tat.)

856 5413 862 5446 l
