4724 5942
999 383 1243 462 -lt-

285 594 422 676 dubium,
452 595 570 679 pteram
592 583 876 662 decemuiralem
904 594 971 660 lore
993 596 1231 680 expositionem,
1260 598 1288 662 si
1309 597 1417 662 Paulus
1439 595 1498 665 hoc
1520 597 1589 662 loco
1612 596 1804 680 profiteatur,
1835 595 1952 662 srrbleta

266 729 343 795 ·spe
357 713 592 778 resurrectionis
606 711 786 795 baptismum
804 711 998 778 christianum
1017 711 1140 776 omnino
1155 711 1228 776 nihil
1243 712 1360 789 velere3
1383 713 1430 778 sin
1446 712 1485 778 de
1499 712 1647 797 singulari
1661 713 1790 796 quodam
1804 713 1953 796 baptismo

287 829 356 894 vioe
377 835 563 894 mortuorum
590 834 733 910 suscepto
757 826 849 892 verba
871 826 978 908 iaciat,
1004 828 1130 912 hujusce
1151 829 1247 912 ipsius
1270 827 1457 895 memorandi
1479 847 1556 912 quae
1578 845 1670 892 causa
1691 827 1831 912 apostolo
1853 827 1956 910 merit,

287 944 438 1011 neminem
456 933 529 1026 pute
548 941 721 1026 intelligere
740 960 843 1025 posse.
881 941 985 1021 Adde,
1009 943 1090 1026 qnod
1104 963 1164 1008 ur.
1186 942 1229 1008 29
1249 950 1280 1008 et
1299 941 1352 1008 30.
1368 944 1532 1028 baptismus
1555 943 1606 1008 illc
1626 951 1658 1008 et
1677 962 1730 1024 ee,
1753 961 1831 1026 qnae
1846 943 1955 1012 Paulus

288 1057 478 1144 ingerendo
508 1071 632 1122 mutere
660 1056 830 1140 apostolico
853 1059 1039 1142 gravissima
1060 1077 1169 1142 passrrs
1190 1067 1254 1144 est,
1285 1061 1365 1122 inter
1386 1075 1422 1123 se
1444 1065 1674 1141 componuntur.
1719 1057 1831 1124 Eadem
1853 1059 1956 1145 igitur,

290 1164 534 1258 οἰβανπίζιώαι
556 1170 628 1262 ὑπὲρ
649 1181 712 1238 τῶν
734 1181 842 1263 νεκρῶν
865 1181 913 1238 est
934 1174 1002 1240 vice
1024 1182 1209 1240 mortuorum
1231 1173 1395 1257 baptizari,
1418 1174 1538 1254 eedem,
1565 1176 1700 1258 inquam,
1724 1191 1816 1238 cause
1838 1193 1955 1256 eorum,

290 1291 344 1374 qut
372 1289 477 1354 nescio
506 1306 565 1371 qua
593 1305 649 1371 spe
676 1288 758 1354 ducti
783 1307 890 1354 uanam
915 1287 1094 1372 foedamque
1119 1291 1364 1373 superstitionem
1391 1297 1537 1354 exercent
1557 1297 1589 1353 et
1610 1289 1741 1374 apostoli
1762 1289 1821 1356 lide
1843 1309 1879 1354 eo
1901 1307 1957 1375 spe

288 1406 456 1472 certissime
485 1404 524 1468 ad
550 1421 656 1468 omnes
682 1404 734 1471 rel
760 1403 881 1471 lebetes
904 1403 954 1467 vel
976 1403 1099 1468 delores
1121 1424 1178 1490 pro
1201 1404 1319 1472 Christo
1341 1404 1514 1470 subeundos
1541 1407 1646 1470 erecti.
1691 1404 1809 1488 ltaque,
1839 1406 1956 1472 etiamsi

287 1521 361 1586 nihil
382 1519 463 1586 eliud
485 1527 583 1599 esset,
614 1519 695 1602 quod
717 1519 747 1600 in
769 1519 826 1582 iata
848 1519 1097 1602 interpretatione
1124 1520 1280 1586 ollcndere
1307 1528 1429 1604 posset,
1457 1538 1495 1584 ce
1517 1527 1602 1586 certe
1628 1521 1756 1584 maxima
1781 1522 1970 1604 injiceretur

286 1636 447 1716 dubitatio,
471 1653 548 1718 qnae
567 1633 607 1698 ad
626 1635 723 1717 ipsum
742 1641 880 1698 tenorem
898 1636 1166 1720 argumentationis
1188 1637 1343 1720 ipsamque
1365 1637 1580 1700 sententiarum
1602 1637 1857 1702 continuationem
1879 1653 1957 1720 per·

287 1753 407 1818 haeret.
454 1749 559 1816 Omnis
585 1757 685 1814 autem
711 1747 826 1814 tollitur
853 1749 928 1814 baec
954 1751 1126 1831 dilhcultas,
1157 1752 1184 1816 si
1204 1752 1237 1816 in
1259 1751 1360 1818 lecum
1382 1751 1521 1835 baptismi
1542 1751 1623 1816 illius
1645 1751 1750 1816 vicarii
1779 1751 1957 1834 baptismum

288 1883 365 1934 rere
384 1867 578 1932 christianum
597 1864 761 1931 substinens
781 1867 801 1930 i.
818 1883 846 1930 e.
867 1867 894 1930 si
913 1865 1007 1930 verba
1028 1867 1171 1950 apostoli:
1195 1865 1467 1956 tripedaneam
1486 1867 1525 1930 ad
1540 1866 1688 1932 Christum
1709 1867 1807 1950 ipsum
1826 1866 1955 1932 releraa

450 1980 538 2056 Quod
560 1980 626 2044 lieri
651 1998 746 2064 posse
772 1989 803 2046 et
829 1999 916 2046 usum
942 1981 1068 2065 pluralis
1094 1981 1238 2046 indefiniti
1259 1982 1319 2046 hoe
1341 1981 1411 2046 loco
1434 1983 1618 2065 aptissimum
1647 2001 1718 2048 esse
1743 1982 1817 2048 nihil
1843 1981 1956 2048 debita

287 2097 364 2164 llere
385 2097 447 2160 rite
470 2104 540 2179 post
562 2103 689 2162 mortem
711 2098 738 2162 si
760 2097 842 2166 nulle
864 2105 926 2177 est,
950 2095 1086 2164 Christus
1108 2098 1199 2182 igitur
1221 2115 1262 2160 err
1283 2105 1380 2162 morte
1403 2097 1434 2162 in
1455 2098 1546 2162 vitam
1567 2098 1593 2160 si
1616 2115 1677 2162 non
1699 2097 1804 2179 rediit,
1827 2115 1957 2181 quonam

289 2213 322 2278 in
340 2229 466 2276 numero
489 2229 558 2276 eum
580 2211 776 2276 habebimus?
812 2212 909 2278 Desiit
930 2213 1042 2296 qnippe
1064 2231 1196 2296 persone
1217 2230 1289 2277 ease
1308 2220 1340 2276 et
1360 2214 1445 2296 quasi
1465 2213 1587 2278 evenerit
1605 2214 1684 2278 inter
1702 2221 1854 2292 mertuos,
1878 2212 1957 2280 adeo

288 2335 337 2408 ut,
365 2329 416 2411 qui
440 2334 567 2410 propter
594 2327 692 2410 ipsum
717 2326 904 2410 baptizetur,
933 2313 1061 2412 propter
1087 2335 1252 2406 mortuum,
1283 2328 1350 2392 sive
1373 2327 1471 2410 hgura
1494 2327 1620 2411 pluralis
1642 2329 1787 2394 indeliniti
1814 2329 1958 2410 adhibite,

289 2450 417 2528 propter
445 2449 582 2508 mortuos
609 2441 788 2526 baptizetur.
832 2443 903 2508 Non
932 2443 1073 2523 diffiteor,
1103 2444 1254 2526 aliquanto
1282 2441 1448 2508 faciliorem
1475 2441 1542 2508 lore
1565 2443 1645 2514 hane
1667 2444 1957 2528 interpretationem,

288 2560 317 2626 si
337 2559 490 2645 genitivus
512 2567 622 2648 νεκρῶν
644 2559 711 2622 sine
737 2557 864 2624 articulo
891 2559 1008 2642 positus
1036 2567 1133 2638 esaet;
1156 2557 1218 2622 sed·
1237 2558 1311 2622 anti
1337 2557 1397 2622 hoo
1423 2575 1495 2622 esse
1525 2575 1624 2642 nego,
1651 2567 1685 2624 ut
1710 2569 1873 2644 propterea
1901 2577 1957 2626 re·

283 2673 450 2760 jiciendum
471 2673 623 2754 videatur,
651 2674 732 2756 qnod
759 2673 877 2738 idoneis
905 2675 1038 2757 alioquin
1059 2674 1227 2738 rationibus
1247 2673 1393 2738 lirmatnm
1422 2673 1470 2738 ait.
1510 2673 1693 2756 Quamquam
1720 2677 1837 2742 notioni
1865 2675 1957 2742 indc-

289 2790 402 2871 finitae,
425 2807 513 2872 quem
532 2789 583 2854 ille
601 2788 727 2872 pluralis
744 2790 897 2872 exprimit,
919 2791 1015 2854 omitti
1037 2789 1194 2854 mentum
1213 2791 1340 2856 mulne
1361 2795 1597 2854 consentaneum
1615 2797 1674 2870 est,
1697 2791 1795 2873 potuit
1814 2791 1957 2875 scriptor,

291 2924 381 2990 quum
403 2907 434 2971 in
456 2904 664 2988 superioribus
687 2913 823 2970 momuos
845 2907 975 2992 jemjrm
995 2911 1208 2985 memorasset,
1240 2904 1291 2968 ubi
1315 2906 1423 2968 iterum
1451 2904 1631 2991 desigrrandi
1657 2912 1759 2985 erant,
1788 2907 1958 2995 ἀναρορικῷ

289 3039 379 3105 quom
401 3019 504 3086 dicent
525 3020 652 3086 articulo
683 3021 743 3100 uti,
774 3022 872 3103 potuit
899 3021 1036 3099 omnine,
1068 3037 1195 3103 quorum
1217 3021 1247 3086 in
1274 3037 1407 3086 numero.
1424 3018 1570 3086 Christus.
1589 3027 1673 3086 esset
1699 3020 1876 3104 ponendus,
1907 3019 1959 3086 vel

290 3135 409 3226 νεκρούς
429 3133 585 3220 adpellare
606 3135 659 3200 vel
677 3134 747 3208 τοὺς
768 3134 886 3224 νεκρούς
901 3133 956 3212 ¹⁰).
1002 3135 1101 3220 Saepe
1123 3135 1243 3219 quidem
1263 3137 1295 3200 in
1317 3135 1425 3200 talibm
1446 3136 1494 3216 lit,
1516 3144 1549 3200 ut
1570 3153 1611 3200 ox
1632 3135 1701 3202 solo
1723 3135 1881 3219 scriptoris
1903 3153 1959 3200 ar-

290 3251 383 3316 bitrie
406 3251 472 3316 sire
494 3269 534 3316 ex
560 3267 613 3331 ee,
641 3267 729 3334 quam
755 3251 856 3316 animo
878 3251 1035 3335 concepit,
1061 3251 1272 3316 informatione
1294 3251 1427 3318 nenena
1449 3251 1665 3336 exprimendae
1687 3251 1833 3336 pendeat,
1860 3259 1960 3316 utrum

291 3366 420 3432 articulo
443 3373 544 3430 utatur
565 3383 680 3445 necne,
707 3366 792 3448 cujus
818 3367 865 3430 rei
886 3385 977 3432 unum
1000 3366 1155 3432 suffecerit
1176 3366 1346 3450 exemplum
1367 3365 1504 3432 attulisse
1526 3386 1566 3432 ex
1590 3367 1606 3430 l
1632 3365 1701 3432 Cor.
1725 3365 1757 3447 9,
1783 3366 1834 3432 19.
1855 3365 1906 3432 nbi
1927 3368 1959 3435 iu

291 3481 408 3548 uerbis:
430 3481 480 3544 ἵνα
500 3479 570 3554 τοὺς
590 3480 728 3563 πλείονας
748 3471 897 3570 aspidem
921 3481 1009 3546 aliter
1031 3482 1191 3548 informata
1213 3483 1337 3546 notione
1359 3483 1503 3548 articulus
1525 3481 1649 3562 reticeri
1669 3489 1802 3566 poterat.

451 3595 513 3660 Sed
538 3596 576 3662 iis
602 3613 684 3660 nnnc
710 3595 973 3680 respondendum,
999 3599 1050 3682 qui
1076 3598 1108 3662 in
1134 3598 1374 3681 praepositione:
1402 3595 1474 3687 ὑπέρ
1501 3597 1649 3683 haesitant
1676 3605 1708 3662 et
1733 3597 1880 3682 baptizari
1902 3615 1960 3682 pro

293 3709 395 3794 aliquo
417 3729 479 3776 non
501 3711 582 3776 idem
604 3729 675 3776 esse
697 3711 799 3776 dicum
821 3731 857 3776 ac
879 3713 1027 3797 baptizari
1048 3715 1080 3778 in
1102 3713 1241 3796 aliquem.
1286 3713 1368 3778 Nihil
1395 3731 1469 3778 aene
1496 3713 1555 3778 hoe
1583 3713 1663 3778 dicto
1691 3715 1809 3791 uerius3
1836 3721 1867 3778 at
1892 3713 1962 3780 falsi

254 3829 255 3833 ’
293 3833 378 3906 nunt,
406 3828 457 3908 qui
479 3845 547 3892 cum
570 3825 771 3892 Olshauseuio
794 3829 851 3904 (ad
873 3828 903 3892 h.
926 3829 965 3905 l.)
987 3829 1019 3894 id
1040 3829 1092 3914 agi
1112 3829 1144 3892 in
1166 3846 1201 3893 re
1227 3837 1332 3894 nostra
1359 3836 1479 3912 putant,
1505 3836 1539 3892 ut
1564 3828 1731 3894 rationibus
1756 3831 1961 3916 grammaticis

294 3939 472 4024 probemus,
499 3931 692 4025 βαπτίζεσθαι
713 3941 785 4031 ὑπέρ
807 3965 887 4018 τινος
908 3943 1044 4029 ejusdem
1067 3961 1138 4008 esse
1161 3945 1389 4030 significationis
1411 3952 1514 4028 atquc:
1543 3945 1758 4020 chasverel:
1781 3947 1812 4010 te
1835 3945 1961 4034 ὀνόματί

292 4077 380 4130 τινος.
424 4055 537 4120 Nostra
559 4075 600 4122 ex
620 4059 769 4124 sententia
791 4049 985 4142 βαπτίζνσθαι
1005 4057 1078 4148 ὑπὲρ
1101 4055 1232 4148 Χριστοῦ
1254 4067 1302 4124 est
1322 4059 1469 4143 baptizari
1493 4067 1620 4143 propter
1642 4058 1806 4142 Christum,
1833 4061 1899 4126 sire
1921 4079 1960 4128 eo

293 4171 406 4238 lineet
428 4171 574 4252 consilio,
600 4179 634 4236 ut
660 4191 716 4256 per
743 4171 919 4256 baptismum
948 4173 1071 4242 Christo
1094 4176 1232 4242 addictus
1262 4192 1458 4258 quaecunque
1485 4176 1548 4240 suis
1574 4177 1728 4259 promisit,
1755 4175 1809 4240 tibi
1835 4178 1961 4260 propria

294 4285 400 4354 iacies.
427 4285 626 4352 -Christus
652 4289 680 4352 si
706 4289 773 4372 ipse
796 4291 859 4373 jam
886 4291 986 4356 nullus
1013 4299 1076 4372 est,
1104 4293 1221 4356 cuinam
1249 4307 1362 4374 quaeso
1385 4307 1477 4356 causa
1499 4283 1570 4356 esse
1591 4292 1703 4374 poterit
1725 4292 1878 4376 baptismi,
1900 4311 1961 4376 quc

294 4403 429 4468 instituto
452 4420 538 4486 spem
561 4404 626 4470 suis
646 4403 848 4490 largissimam
869 4406 1044 4490 proposuit,
1068 4406 1274 4490 suscipiendi?
1319 4405 1398 4481 Ouid
1416 4406 1474 4474 sibi
1493 4405 1598 4470 volunt
1617 4405 1725 4491 igitur,
1747 4407 1774 4470 ai
1793 4407 1835 4472 ite
1855 4425 1890 4472 se
1909 4425 1961 4474 res

295 4517 400 4599 habet,
424 4519 475 4602 qni
495 4511 622 4602 propter
644 4529 791 4586 mortuum
815 4521 963 4588 Christum
986 4521 1199 4605 baptizantur?
1243 4522 1328 4586 llune
1351 4523 1431 4586 enim
1453 4507 1573 4586 sensum
1596 4539 1666 4586 csse
1692 4521 1824 4588 arbitror
1846 4517 1961 4590 derbu-

332 4809 375 4874 10)
403 4808 516 4860 Articuli
534 4823 611 4860 nsum
628 4807 656 4858 in
673 4807 769 4875 plurali
786 4807 921 4862 indefinito
939 4809 1010 4862 hand
1029 4811 1134 4864 omnino
1153 4810 1325 4880 prohibitum,
1350 4811 1429 4863 immo
1446 4826 1632 4879 nonnunquam
1649 4809 1692 4863 rel
1710 4811 1886 4864 necessarium
1904 4825 1961 4863 ease
2008 4863 2012 4870 ,

402 4905 522 4974 exempla
539 4905 626 4959 nbirie
644 4907 722 4961 ebrie
740 4913 873 4960 testentur.
910 4909 932 4960 ll
951 4925 1019 4961 noro
1038 4913 1190 4964 testamento
1208 4909 1260 4962 bec
1275 4910 1406 4978 pertinent
1422 4908 1514 4961 Manu.
1534 4911 1559 4973 2,
1578 4913 1621 4962 to.
1639 4909 1697 4962 Act.
1714 4915 1740 4974 i,
1754 4913 1797 4962 41.
1832 4909 1874 4962 Ex
1892 4910 1961 4974 eliis,

406 5018 474 5070 qnae
490 5005 557 5058 torte
574 5007 602 5058 in
618 5021 709 5076 manns
728 5007 861 5071 incident,
884 5005 950 5060 haee
968 5007 1117 5076 Sophocliar
1142 5009 1204 5062 dat.
1221 5025 1247 5062 r.
1266 5010 1282 5064 9
1302 5025 1322 5062 a
1341 5008 1382 5074 ej.
1400 5023 1425 5060 r.
1456 5011 1521 5060 1181
1542 5023 1564 5061 e.
1594 5009 1739 5062 root-t.
1773 5008 1814 5060 El.
1837 5025 1862 5062 r.
1884 5011 1959 5062 1421.

404 5099 469 5154 Oed.
489 5119 536 5156 rex
553 5119 579 5158 r.
598 5107 658 5158 366.
