4724 5942
412 589 533 666 talioni,
560 586 641 670 quod
668 603 747 669 quae
774 587 912 668 proxime
938 593 1105 668 sequuntur
1132 584 1225 652 rerba
1247 603 1416 668 pronomen
1439 588 1532 650 αὐτοῦ
1554 586 1652 652 solnm
1674 585 1818 652 exhibent
1838 586 1888 666 (ἃς
1910 577 1945 652 δὲ
1967 592 2007 662 riq
2027 587 2086 660 ris

410 701 553 791 ipncplno
575 703 697 776 sirco).
742 700 819 765 Nam
847 701 905 764 boc
932 701 1058 764 liberam
1087 709 1154 764 erat
1181 701 1341 784 scriptori,
1370 703 1544 784 exprimere
1571 701 1652 766 illam
1680 703 1840 769 antithesin
1868 712 1919 768 aut
1940 703 2084 784 reticere,

410 827 443 883 et
464 817 632 882 maeotium
654 817 822 900 interpreti,
846 835 884 880 ne
906 816 1032 880 niterent
1055 823 1171 898 partem
1194 817 1341 880 umbonis
1363 835 1403 880 ex
1424 817 1520 882 altera
1542 819 1696 896 metiatur,
1719 818 1770 882 ubi
1792 818 1871 884 iorte
1893 820 1924 882 in
1947 817 2084 882 notioni·

411 931 467 996 bus
489 931 685 996 intomnnndu
709 931 821 1015 aliquid
843 931 988 994 uariatum
1011 929 1110 994 luerit.
1149 930 1332 1013 Quamquam
1355 932 1427 996 nolo
1450 933 1591 1016 equidem
1608 951 1749 998 morosus
1769 943 1891 998 esseut
1911 933 2084 1016 disceptare
2146 945 2149 950 ’

411 1049 451 1112 de
472 1047 601 1133 singulis
624 1047 710 1112 locis:
734 1044 926 1110 machabeo
949 1045 1114 1122 monuisse,
1135 1046 1163 1110 si
1187 1046 1306 1128 quando
1328 1045 1379 1110 liat
1400 1050 1431 1112 in
1453 1046 1538 1112 libris
1561 1049 1633 1115 novi
1655 1051 1841 1129 tesunmuti,
1869 1057 1901 1114 ut
1923 1036 1993 1121 ἴδιος
2015 1047 2083 1115 sino

410 1165 548 1247 pondere
571 1172 602 1227 et
623 1165 654 1226 vi
677 1166 733 1246 pro
755 1163 936 1244 pronomine
957 1161 1139 1244 possessivo
1162 1169 1338 1243 usurpetur,
1364 1163 1492 1228 rarioris
1519 1165 1549 1228 id
1572 1163 1703 1246 exempli
1730 1181 1802 1228 esse
1829 1181 1886 1228 nec
1909 1164 2083 1247 promiscue

410 1279 488 1358 lieri,
511 1279 567 1342 sed
588 1281 618 1342 in
641 1281 678 1342 iis
701 1278 878 1362 plerumque
898 1276 1104 1360 designandis,
1127 1277 1178 1357 qui
1197 1277 1344 1360 singulari
1363 1277 1491 1359 quadam
1512 1288 1542 1344 et
1562 1279 1662 1344 stabili
1681 1278 1908 1344 necessitudine
1929 1279 2084 1362 conjuncti

410 1396 491 1460 inter
513 1413 548 1458 se
570 1394 619 1458 ael
641 1394 730 1458 alicui
753 1392 863 1456 addicti
887 1393 961 1470 sint,
985 1393 1149 1475 praecipue
1171 1393 1263 1476 igitur
1285 1393 1316 1456 in
1339 1394 1403 1472 iis,
1422 1395 1472 1476 qui
1495 1396 1561 1456 sive
1586 1395 1754 1460 necessarii
1777 1395 1843 1460 sive
1865 1395 1947 1458 servi
1969 1393 2006 1458 ad
2030 1393 2081 1458 la-

411 1509 522 1574 miliam
544 1509 673 1592 aliquam
695 1509 880 1602 pertineant:
905 1495 972 1570 iduor
994 1495 1110 1594 ἄνδρις,
1134 1497 1206 1570 ἴδιαι
1227 1517 1377 1596 γυναῖκες,
1401 1496 1470 1572 idion
1492 1498 1593 1572 δοῦλοι
1615 1507 1654 1572 al.

571 1624 658 1698 Quod
682 1623 828 1706 reliquum
852 1629 914 1701 est,
942 1624 1116 1686 universum
1144 1622 1203 1688 lucc
1230 1631 1321 1706 caput
1342 1624 1381 1688 de
1410 1623 1638 1707 pronominibus
1661 1622 1830 1688 Buttmanui
1852 1641 1926 1688 cura
1948 1623 2084 1710 diligen-

410 1741 524 1804 tissima
547 1749 607 1804 um
629 1738 779 1804 subtiliter
801 1745 958 1802 tractatum
981 1738 1089 1816 uideo,
1113 1745 1145 1800 ut
1167 1739 1225 1805 nisi
1247 1740 1314 1820 quis
1336 1757 1430 1821 parra
1454 1748 1486 1804 et
1507 1741 1619 1804 minuta
1641 1739 1789 1824 colligere
1811 1740 1898 1818 velit,
1920 1739 1986 1806 lere
2009 1739 2089 1804 niul.

410 1853 529 1934 babeat,
552 1856 632 1937 quod
653 1854 846 1938 superaddat.
884 1853 980 1928 Quum
999 1854 1119 1938 singula
1140 1856 1282 1937 persequi
1300 1871 1458 1936 nequeam,
1474 1873 1564 1918 unum
1578 1853 1676 1918 saltim
1692 1856 1924 1937 specimennon
1938 1863 2081 1938 praeter·

409 1971 584 2036 mittendum
606 1971 694 2035 duco.
740 1971 866 2035 Formae
887 1968 980 2032 αὐτόν
1002 1978 1034 2032 et
1055 1968 1148 2032 αὐτόν
1170 1972 1201 2034 in
1222 1969 1405 2034 editionibus
1432 1971 1504 2034 novi
1530 1970 1700 2037 lesumenti
1723 1987 1811 2051 quam
1832 1987 1927 2054 saepe
1949 1969 2082 2036 coniun-

409 2085 849 2168 dantnretquamincertum
873 2083 992 2147 deboc
1020 2083 1193 2148 discrimine
1217 2085 1363 2168 judicium
1390 2085 1545 2168 bucusque
1572 2087 1768 2168 interpretum
1796 2085 1902 2165 luerit,
1930 2087 2080 2152 neminem

409 2211 483 2288 puto
507 2221 576 2266 esse
599 2204 649 2284 qui
672 2204 796 2266 nesciat.
835 2198 884 2264 lto
907 2198 1031 2263 codices
1054 2199 1174 2280 quidem
1196 2217 1378 2282 provocare,
1401 2201 1452 2264 ubi
1474 2201 1505 2264 in
1527 2201 1676 2266 vocabulo
1699 2200 1800 2284 aliquo
1823 2203 1989 2284 quaeritur,
2013 2203 2081 2284 spi·

409 2319 486 2382 ritus
509 2333 601 2400 asper
622 2337 660 2380 an
691 2317 768 2380 lenis
796 2314 981 2378 adhibendas
1009 2316 1063 2391 sit,
1094 2314 1153 2380 boc
1181 2315 1328 2378 estnihil
1356 2315 1469 2380 dicere.
1515 2315 1647 2382 Aliunde
1673 2317 1766 2402 igitur
1792 2317 1811 2380 i.
1835 2334 1863 2380 e.
1892 2335 1932 2382 cx
1954 2319 2082 2382 internis

409 2435 596 2518 argumentis
618 2432 694 2495 baec
716 2431 853 2514 quaestio
877 2430 1080 2494 decernenda.
1119 2431 1185 2504 Qua
1204 2432 1323 2494 ratione
1343 2447 1433 2513 quum
1451 2431 1611 2514 probatum
1630 2431 1804 2510 baberetur,
1828 2433 1996 2516 scriptores
2010 2433 2083 2499 uoti

408 2550 579 2613 testammti
601 2549 691 2612 etiam
718 2553 842 2630 praeter
869 2546 1037 2610 oraticnem
1066 2545 1216 2628 obliquam
1242 2546 1423 2629 pronomine
1449 2545 1540 2620 αὐτὸς
1566 2547 1740 2630 frequenter
1767 2549 1810 2612 uti
1837 2565 1893 2630 pro
1921 2548 2080 2630 reflexion,

408 2664 537 2748 singulis
560 2662 726 2746 quibusque
748 2661 826 2725 locis
849 2660 919 2742 quid
942 2661 1131 2728 statuendum
1154 2670 1252 2741 esset,
1279 2663 1311 2724 in
1337 2661 1461 2724 arbitrio
1489 2663 1538 2726 vel
1559 2681 1652 2728 sensu
1675 2683 1711 2730 sc
1728 2664 1845 2748 judicio
1868 2662 1994 2730 editoris
2016 2681 2078 2746 po-

407 2781 498 2844 situm
517 2787 591 2842 erat.
630 2779 680 2842 Sic
699 2795 775 2842 vero
796 2794 857 2840 non
880 2783 1000 2859 poterat
1022 2794 1081 2840 non
1105 2795 1263 2861 emergere
1285 2777 1336 2840 illa
1358 2777 1497 2842 lectionis
1520 2779 1651 2842 uarietas
1673 2787 1704 2844 et
1725 2780 1936 2859 inconstmtia,
1958 2780 2007 2844 cui
2028 2779 2081 2847 lo-

410 2915 479 2961 cum
501 2913 581 2960 nune
604 2893 682 2958 ultra
705 2911 767 2958 non
790 2892 856 2956 iore
879 2909 1046 2975 speramus.
1093 2891 1178 2964 Quae
1199 2893 1278 2956 euim
1300 2891 1338 2956 lis
1360 2892 1544 2976 agitabatur,
1573 2912 1610 2958 ea
1633 2895 1752 2960 tandem
1779 2893 1940 2980 profligata
1969 2902 2000 2958 et
2021 2913 2079 2978 pro

408 3019 495 3076 certo
518 3009 680 3075 tenendum
702 3007 832 3086 videtur,
855 3006 1398 3090 quodButtmannus(§.127.ll.)
1419 3010 1503 3089 satis,
1526 3017 1611 3092 poto,
1633 3010 1772 3094 adposite
1790 3012 1829 3076 ad
1849 3012 2079 3094 persuasionem

408 3128 566 3211 exposuit,
594 3125 782 3209 pronominis
810 3123 948 3188 relexiri
974 3125 1005 3187 in
1031 3125 1120 3188 tertia
1147 3141 1279 3206 persona
1301 3123 1416 3206 pariter
1438 3133 1527 3208 atque
1550 3127 1581 3190 iu
1603 3125 1736 3190 secunda
1759 3125 1886 3192 iormam
1908 3125 2080 3196 breuiorem

406 3243 449 3307 ab
470 3259 527 3306 usu
549 3241 621 3306 novi
642 3239 813 3304 testamenti
834 3253 962 3322 prorsus
985 3239 1113 3304 alienam
1136 3257 1216 3304 esse.

570 3355 630 3420 Sed
652 3355 728 3420 hoec
750 3355 905 3420 hactenus.
950 3353 1183 3438 Opportunitas,
1211 3373 1298 3437 quam
1324 3357 1405 3420 nacti
1426 3373 1507 3421 nuuc
1530 3375 1648 3438 murus,
1672 3356 1772 3440 jubet,
1789 3337 1832 3422 ¹ut
1854 3357 1892 3422 dc
1915 3357 1965 3422 die
1988 3355 2080 3423 nalab

408 3473 502 3558 liegis
525 3471 740 3558 Augustissimi
766 3472 824 3554 piis
852 3471 930 3534 votis
957 3478 989 3534 et
1015 3477 1102 3554 grata
1132 3477 1232 3534 mente
1259 3469 1443 3535 celebrando
1473 3489 1657 3537 moneamus.
1702 3473 1777 3538 Nem
1804 3481 1837 3537 ut
1865 3475 1996 3538 omnium
2026 3471 2078 3536 vel

408 3589 546 3654 ordinum
569 3589 618 3654 ael
641 3589 762 3667 civium,
784 3587 825 3651 ita
848 3587 975 3653 maxime
997 3584 1168 3649 scholarum
1191 3593 1249 3664 est,
1271 3603 1384 3650 summa
1400 3587 1494 3672 liegis
1516 3589 1548 3652 in
1570 3607 1643 3652 suos
1665 3589 1772 3652 marita
1792 3605 1976 3674 agnoscere,
1998 3605 2078 3670 pro-

409 3705 594 3770 batissimum
617 3721 719 3768 rerum
742 3711 912 3766 nostramm
935 3700 1156 3765 moderatorem
1179 3703 1319 3765 venerari
1342 3711 1373 3766 et
1394 3705 1505 3768 numini
1528 3704 1630 3768 divino
1652 3721 1709 3786 pro
1732 3703 1829 3768 salute
1852 3705 1919 3786 ojus
1942 3704 2081 3768 diuturna

410 3821 592 3904 supplicare.
630 3820 863 3883 l’ronunciamns
882 3819 985 3902 igitur,
1008 3816 1089 3898 quod
1110 3817 1240 3880 omnium
1259 3817 1290 3879 iu
1310 3818 1416 3882 animis
1436 3817 1625 3882 reconditum
1645 3827 1707 3898 est,
1729 3827 1831 3884 votum
1851 3818 1911 3882 boc
1932 3815 2080 3882 iacientes

406 3936 667 4014 ardentissimum,
694 3941 727 3998 ut
753 3934 836 3998 lleus
863 3932 900 3997 0.
923 3933 962 3996 ll.
986 3932 1100 4018 Regem
1127 3939 1279 4010 nostrum,
1305 3932 1429 3997 delicias
1452 3941 1483 3996 et
1497 3933 1686 4017 ,praesidium
1708 3935 1840 4016 patriae,
1866 3933 1905 3998 ad
1935 3951 2080 4000 summam

410 4059 598 4117 senectutem
620 4051 781 4134 perducat,
804 4049 984 4114 incolumem
1007 4055 1125 4126 servet,
1149 4047 1302 4110 beneficiis
1326 4055 1430 4128 cruet,
1453 4055 1578 4133 augeat,
1601 4049 1738 4131 sospitet
