4724 5942
1119 399 1362 476 ..12-

407 613 573 697 subjectum
595 611 778 678 indefinitum
801 612 828 675 si
850 611 944 676 uerbo
967 609 1153 694 exprimitur,
1176 611 1264 674 tertia
1287 609 1465 694 plerumque
1487 627 1619 695 persona
1641 610 1758 676 numeri
1778 609 1904 692 pluralis
1927 607 2072 674 adhiberi.

409 729 473 794 lloc
495 730 621 793 alterum
644 715 675 791 sl
697 745 780 792 novo
802 743 922 808 quoque
944 733 1125 790 testamento
1148 743 1236 808 qnam
1257 723 1401 808 frequens
1423 726 1473 804 sit,
1496 743 1557 790 non
1579 733 1627 790 est
1650 725 1731 809 qnod
1753 743 1904 790 monmm:
1927 725 2073 788 illustris-

408 845 530 923 simum,
558 851 648 927 pute,
671 841 840 926 exemplum
864 847 895 904 et
916 841 997 924 quod
1019 841 1147 926 egregie
1169 840 1323 921 ostendat,
1346 859 1414 904 cum
1435 841 1544 924 plurali
1565 841 1720 906 indefinito
1742 841 1822 906 hunc
1844 857 1930 904 nsum
1953 857 2073 904 conve-

409 960 487 1038 nire,
510 959 541 1021 in
563 958 633 1022 loco
656 959 755 1022 Lucae
777 976 805 1020 c.
831 955 883 1034 12,
907 955 959 1019 20.
983 933 1231 1039 deprehenditnr3
1253 956 1351 1042 ταύτῃ
1371 964 1413 1040 τῇ
1432 957 1516 1020 νυκτὶ
1539 956 1596 1028 τόν
1619 950 1715 1045 ψυχόν
1740 977 1793 1019 σου
1816 957 1991 1020 ἀπαιτοῦσιν
2010 955 2071 1020 ἀπό

407 1082 469 1137 σοῦ.
513 1073 618 1137 Altera
640 1072 692 1136 illa
714 1069 853 1136 termula:
878 1075 905 1133 ot
926 1074 992 1158 capt
1013 1071 1125 1161 (ἀμφί)
1147 1095 1215 1136 τινα
1242 1089 1418 1156 quamquam
1445 1069 1483 1133 ad
1511 1087 1617 1134 sacros
1645 1073 1813 1154 scriptores
1840 1089 1902 1135 non
1929 1071 2072 1154 pertinet,

408 1197 477 1253 eunt
499 1195 598 1252 tamen
620 1189 692 1268 loci,
714 1189 745 1252 in
768 1185 875 1269 quihus
896 1203 954 1268 pro
976 1186 1085 1269 plurali
1112 1186 1266 1251 indefinito
1293 1185 1451 1252 commode
1478 1187 1619 1268 usurpari
1644 1194 1773 1268 poterat.
1820 1185 1935 1266 Alium,
1959 1185 2073 1269 quoii

407 1305 504 1390 magis
531 1305 726 1386 conspicuum
752 1301 830 1382 fiat,
845 1302 944 1365 locum
972 1319 1033 1366 non
1059 1301 1156 1366 babeo
1183 1321 1271 1385 quam
1298 1301 1367 1366 Act.
1396 1301 1432 1380 9,
1461 1299 1530 1379 27,
1558 1303 1609 1365 uhi
1630 1300 1784 1366 Barnabas
1807 1302 1929 1366 Paulum
1951 1301 2070 1366 Christo

406 1437 503 1502 nuper
525 1419 674 1482 addictum
697 1419 735 1481 ad
758 1418 915 1501 apostolos
941 1415 1029 1506 (πρός
1049 1419 1118 1490 τοὺς
1139 1417 1340 1491 ἀποστόλους)
1368 1416 1532 1480 deduxisse
1560 1416 1678 1480 dieitur.
1724 1417 1831 1481 Paulus
1858 1419 1925 1500 ipse
1951 1417 2071 1500 quidem

407 1533 472 1598 Gal.
499 1533 529 1613 1,
554 1532 604 1596 18.
631 1532 681 1597 ts.
705 1533 913 1611 demontrat,
940 1532 1011 1614 qnid
1034 1532 1086 1596 illo
1109 1539 1245 1615 tempore
1268 1541 1366 1596 actum
1390 1533 1444 1610 sit,
1471 1533 1624 1596 mentione
1651 1533 1732 1596 Petri
1754 1531 1832 1596 iacta
1860 1534 2008 1596 neminem
2031 1531 2073 1595 ait

407 1657 529 1732 praeter
551 1647 629 1712 hunc
651 1667 691 1713 ex
713 1649 859 1732 apostolis
881 1650 940 1712 nisi
961 1647 1117 1726 laconum,
1141 1647 1262 1711 tratrem
1285 1648 1414 1726 Domini,
1437 1655 1498 1709 tum
1521 1665 1538 1709 a
1561 1649 1715 1712 sevisum
1737 1665 1817 1711 esse.
1859 1647 1907 1711 Ad
1930 1647 1986 1711 hos
2009 1647 2073 1731 ipi-

406 1771 465 1844 tur,
488 1763 608 1828 Petrum
630 1763 698 1827 dico
722 1771 753 1828 et
774 1763 936 1842 iacobum,
959 1764 1141 1844 interpretes
1164 1761 1313 1842 referunt,
1341 1762 1422 1845 quod
1444 1762 1497 1825 illo
1520 1762 1666 1826 Actorum
1688 1763 1759 1827 loce
1782 1763 1889 1827 Paulus
1911 1761 1982 1850 πρός
2002 1761 2073 1835 τοὺς

414 1877 590 1952 ’ποστόλους
617 1877 711 1942 luisse
734 1878 880 1943 deductus
903 1877 1106 1961 perhibeatur.
1151 1877 1295 1960 Equidem
1317 1898 1379 1943 non
1401 1897 1532 1962 quaero,
1560 1897 1630 1942 num
1652 1877 1801 1957 lacobus,
1829 1867 1996 1967 όάδιλφός
2017 1885 2072 1941 τοῦ

406 1994 520 2082 κυρίου,
543 1995 574 2056 in
596 1995 670 2076 ipsis
692 1993 839 2077 apostolis
861 1991 1063 2056 numerandus
1086 1993 1139 2072 sit;
1166 2001 1286 2076 poterat
1308 1995 1387 2057 enim
1409 1995 1576 2076 nuncupari
1598 1993 1657 2057 hoc
1679 1995 1814 2072 nomine,
1837 1993 1954 2056 etiamsi
1978 1992 2072 2056 stric-

406 2109 486 2174 tiore
507 2125 600 2172 sensa
623 2110 778 2192 apostolus
801 2127 862 2173 non
884 2109 991 2172 luisset
1014 2108 1087 2184 (cir.
1111 2109 1180 2172 Act.
1206 2109 1258 2188 lt,
1284 2109 1366 2190 th),
1389 2127 1447 2174 nee
1470 2109 1573 2189 verba,
1597 2127 1674 2192 quae
1696 2107 1760 2172 Gal.
1787 2108 1817 2187 1,
1842 2107 1893 2170 19.
1916 2109 2072 2193 legnntur:

407 2221 508 2312 ἕτερον
529 2233 591 2286 τῶν
614 2224 789 2288 ἀποστόλων
811 2226 866 2288 οὐκ
888 2213 966 2287 εἶδον
990 2227 1015 2287 st
1037 2223 1078 2310 pal
1102 2219 1241 2307 Ἰάκωβον
1264 2210 1294 2287 id
1316 2223 1459 2304 eliciunt,
1483 2234 1515 2288 ut
1534 2243 1591 2308 pro
1612 2223 1752 2307 apostolo
1771 2222 1925 2288 habendus
1945 2225 1985 2287 sit
1999 2223 2074 2300 (cir.

407 2338 446 2403 aa
467 2317 528 2402 asa
547 2337 692 2404 normano
715 2345 740 2404 a
762 2339 803 2428 μι.
826 2347 857 2403 οι
879 2337 1017 2402 amatium
1040 2337 1142 2402 uasis.
1168 2337 1220 2418 aa,
1242 2339 1273 2400 n.
1297 2339 1361 2404 aar.
1386 2340 1417 2420 a,
1443 2341 1494 2403 te.
1518 2339 1586 2403 λιι.
1611 2339 1669 2418 ar,
1693 2338 1780 2414 aaa:
1803 2339 1858 2402 sea
1880 2347 1972 2402 roam
1996 2339 2073 2403 lanc

408 2455 614 2538 quaestionem
636 2454 708 2518 nihil
730 2455 768 2518 ad
790 2471 855 2518 rem
877 2453 980 2516 iacere
1002 2461 1033 2516 et
1054 2451 1176 2517 Paulum
1197 2453 1269 2542 πρός
1288 2455 1359 2528 τοὺς
1380 2454 1562 2529 ἀποστόλους
1584 2455 1744 2519 deductum
1767 2453 1827 2518 dici
1855 2454 1992 2536 potuisse
2015 2471 2071 2516 ar-

405 2567 512 2648 bitror,
535 2571 562 2632 si
584 2569 633 2633 vel
655 2569 767 2633 nullum
789 2577 861 2633 tunc
883 2567 1052 2652 apostolum
1074 2569 1277 2632 convenisset.
1324 2569 1382 2644 Qui
1404 2571 1483 2633 enim
1505 2575 1532 2633 ot
1554 2568 1716 2633 ἀπόστολοι
1738 2571 1797 2633 isto
1820 2569 1890 2633 loco
1913 2576 2073 2649 vocantur,

405 2701 468 2748 non
491 2693 560 2748 sunt
582 2701 733 2768 personae
755 2685 977 2768 apostolorum,
1007 2683 1061 2747 sed
1082 2683 1135 2748 illa
1157 2685 1304 2764 societas,
1334 2703 1410 2768 quae
1438 2693 1469 2750 et
1496 2683 1653 2769 apostolos
1682 2692 1713 2748 et
1741 2701 1846 2749 eorum
1869 2685 1936 2748 sive
1958 2685 2073 2748 amicos

406 2801 471 2864 sive
494 2807 662 2864 sectatores
684 2799 954 2883 complectebatur;
982 2807 1014 2862 ut
1035 2799 1130 2862 verbo
1157 2799 1270 2880 dicam,
1298 2807 1368 2863 sunt
1389 2805 1417 2862 ot
1437 2802 1503 2889 περὶ
1524 2800 1593 2874 τοὺς
1619 2797 1803 2873 ἀποστόλους
1826 2800 1900 2874 (der
1923 2799 2073 2883 Apostol-

407 2913 520 2991 heis).

564 3028 630 3092 Jam
653 3030 679 3092 si
701 3028 780 3093 torte
804 3029 933 3108 mireris,
956 3028 1047 3111 qued·
1059 3029 1090 3092 in
1112 3046 1147 3092 re
1165 3047 1270 3111 parum
1289 3028 1403 3094 difficili
1423 3029 1544 3114 longius
1564 3029 1673 3093 morati
1692 3031 1796 3110 simus,
1818 3031 1848 3094 id
1868 3031 1977 3115 agebat
1996 3031 2074 3094 haee

407 3143 574 3227 expositio,
602 3151 635 3206 ut
656 3161 724 3207 eum
747 3143 784 3206 ad
806 3144 921 3225 locum,
950 3145 980 3208 in
1008 3162 1068 3227 quo
1095 3145 1224 3208 maxime
1250 3146 1376 3209 interest
1402 3163 1488 3209 usum
1514 3145 1597 3208 illum
1618 3145 1744 3228 pluralis
1766 3147 1912 3210 indeliniti
1934 3147 2073 3230 agnosci,

405 3260 574 3344 paratiores
593 3259 816 3323 accederemus.
854 3258 1025 3323 Verendum
1045 3265 1155 3339 autem
1176 3277 1216 3323 ne
1237 3259 1296 3324 hoc
1317 3278 1437 3343 quoque
1450 3249 1619 3349 παράδοξον
1634 3259 1789 3341 habeatur,
1813 3262 1840 3324 ai
1854 3263 1949 3325 rerba
1967 3261 1982 3324 1
2002 3259 2072 3325 Cor.

409 3376 461 3456 15,
486 3373 543 3437 29:
570 3371 642 3460 ὑπὲρ
668 3381 730 3436 τῶν
757 3381 867 3461 νεκρῶν
895 3375 926 3438 in
952 3373 1004 3439 illo
1032 3391 1148 3460 genere
1174 3375 1317 3458 ponenda
1345 3383 1486 3459 atquem
1512 3375 1683 3460 significent
1709 3377 1808 3459 ipsum
1830 3374 1978 3440 (limatum
2001 3393 2072 3442 esse

406 3489 542 3554 dixerim.
588 3489 672 3552 lland
698 3505 779 3552 nova
807 3488 926 3571 quidem
952 3489 1027 3553 haec
1053 3491 1278 3572 interpretatio,
1307 3489 1361 3554 sed
1389 3511 1466 3573 quae
1492 3491 1714 3555 recentioribus
1736 3491 1813 3556 adeo
1837 3492 2011 3575 displiceat,
2040 3499 2073 3556 ut

407 3623 474 3670 eam
495 3621 645 3669 revocare
666 3605 718 3666 vix
737 3603 858 3668 audeas.
897 3605 1003 3668 Verbis
1022 3607 1124 3688 utique
1143 3606 1325 3688 planissimis
1344 3606 1512 3690 apostolum
1533 3606 1570 3669 de
1589 3605 1642 3669 illo
1663 3605 1746 3687 loqui
1763 3623 1859 3687 more,
1882 3623 1941 3690 quo
1962 3606 2072 3671 lechum

407 3721 461 3800 sit,
488 3729 521 3783 ut
542 3739 600 3804 pre
622 3720 742 3782 homine
765 3719 866 3802 aliquo
889 3728 1046 3803 anoeqruam
1068 3721 1273 3804 baptizaretur
1295 3730 1414 3786 mortue
1443 3739 1498 3785 seu
1525 3723 1593 3784 viee
1622 3719 1710 3804 hujux
1725 3721 1782 3798 ⁸uel
1804 3723 1917 3786 amicus
1939 3723 1989 3786 uel
2011 3741 2071 3787 ne-

407 3836 559 3899 cessarius
588 3834 695 3916 aliquis
725 3843 882 3917 superstas
911 3835 1087 3918 baptismum
1117 3837 1302 3918 susciperet,
1331 3855 1389 3901 nec
1418 3839 1476 3900 nisi
1505 3836 1728 3920 praejudicatae
1756 3837 1907 3918 opinionis
1935 3857 2022 3919 ease,
2046 3841 2074 3903 si

407 3951 473 4034 quis
496 3951 576 4014 dieta
599 3949 681 4014 Pauli
703 3949 793 4013 alium
814 3951 846 4013 in
869 3969 991 4014 sensum
1014 3953 1197 4035 detorquere
1220 3959 1355 4016 conetur.
1394 3953 1485 4016 lmmo
1508 3969 1594 4032 vero,
1618 3952 1678 4017 hoc
1701 3955 1828 4016 maxime
1851 3955 2018 4018 cavendum
2041 3955 2072 4017 in

406 4065 477 4130 beo
500 4066 673 4148 proposito,
701 4083 741 4129 ne
763 4065 809 4143 id,
839 4066 919 4148 quod
946 4067 976 4129 in
1004 4085 1117 4131 summa
1145 4069 1341 4151 interpretum
1364 4067 1565 4150 discrepantia
1588 4067 1735 4152 singulmi
1757 4069 1883 4152 quadam
1905 4071 2072 4134 eorundem

407 4181 632 4264 conspiratione
655 4181 740 4261 qnasi
762 4181 910 4243 sancitum
933 4181 1083 4262 rideatur,
1106 4183 1158 4247 tibi
1180 4201 1237 4266 pro
1260 4185 1403 4267 opinione
1426 4182 1631 4266 praejudicata
1653 4183 1702 4247 sit.

566 4295 607 4358 m
627 4315 667 4359 ex
686 4295 819 4359 historiis
838 4295 927 4360 audio
946 4313 1049 4360 veram
1069 4299 1346 4381 interpretationem
1365 4315 1434 4362 esse
1454 4299 1614 4380 petendam
1634 4299 1707 4374 (cir.
1727 4298 1809 4362 Win.
1829 4317 1954 4385 mamm.
1969 4303 2000 4372 §-
2017 4299 2070 4362 21.

408 4411 468 4488 2.).
514 4411 647 4476 llistoria
670 4409 787 4474 scilicet
809 4411 1051 4494 comprohatum,
1074 4411 1168 4476 luisse
1190 4416 1220 4477 in
1243 4413 1376 4478 ecclesia
1398 4413 1576 4496 apostolica,
1600 4415 1651 4496 qui
1672 4415 1741 4478 vice
1762 4423 1948 4479 mortuorum
1970 4415 2072 4498 bapti·

409 4527 566 4590 narentnrl
610 4524 687 4589 Vide
715 4543 844 4607 quaeso,
873 4545 1018 4608 quosnam
1046 4535 1140 4592 testes
1168 4529 1337 4594 adhibeant.
1386 4529 1502 4593 Primus
1531 4529 1649 4612 quidem
1680 4529 1881 4594 Tertullianus
1910 4532 2073 4609 excitatum

409 4639 544 4706 secunde
566 4639 638 4705 loco
662 4647 731 4704 sunt
752 4639 936 4724 Epiphanius
959 4651 990 4707 et
1017 4641 1259 4726 chrysostomus.
1304 4645 1371 4709 lam
1398 4663 1472 4709 vero
1496 4645 1673 4710 Tertulliani
1700 4645 1901 4709 testimoniam
1924 4662 1962 4709 eo
1984 4645 2073 4727 redit,

407 4764 440 4822 ut
462 4758 494 4820 in
515 4755 593 4820 libre
616 4756 655 4820 de
676 4758 903 4821 resurrectione
925 4777 952 4822 e.
976 4757 1029 4822 le.
1053 4767 1084 4823 et
1105 4761 1135 4824 in
1159 4761 1262 4842 quinto
1286 4759 1432 4824 adversus
1454 4760 1640 4824 Marcionem
1663 4779 1689 4823 c.
1709 4758 1759 4824 10.
1797 4759 1920 4824 Paulum
1942 4769 2071 4844 aposte-

304 4921 311 4954 ,
408 4873 470 4936 lum
495 4871 510 4934 1
537 4869 606 4936 Cor.
632 4871 684 4952 15,
707 4871 759 4936 29.
783 4871 821 4936 de
847 4872 995 4956 baptismo
1022 4875 1137 4940 vinario
1164 4875 1296 4942 locutum
1318 4875 1487 4940 arbitretur.
1534 4875 1667 4950 Quorum
1694 4875 1845 4938 hominum
1871 4876 1921 4940 vel
1949 4895 2072 4960 quarum

269 5055 273 5066 ,
409 4987 537 5072 partium
558 4985 608 5050 hic
630 5004 695 5050 mos
718 4986 818 5068 luerit,
841 5006 880 5050 ne
902 4990 997 5054 verbe
1020 4991 1139 5073 quidem
1161 4993 1281 5058 indicat.
1318 4990 1401 5078 Ergo
1421 4993 1617 5074 interpretem
1636 5007 1791 5056 sacrarum
1809 4990 1963 5056 literarum
1984 5011 2071 5055 eum-

410 5121 469 5186 que
491 5119 548 5185 pro
571 5109 654 5166 sorte
676 5103 803 5168 humana
825 5105 925 5168 errori
952 5104 1130 5188 obnoxium,
1157 5124 1219 5172 nen
1246 5115 1352 5172 testem
1380 5107 1555 5174 historicum
1582 5105 1674 5172 habes
1703 5105 1925 5174 Tertullianum.
1972 5105 2073 5192 Chry·
