4724 5942
1112 365 1355 442 ..pq-

395 581 493 665 ipsam
523 580 619 646 solam
646 580 805 644 ιιιιιιιιιι
834 593 904 644 esse
933 577 1134 661 quaerendam
1163 592 1292 642 conseo:
1322 575 1378 640 sad
1400 573 1458 640 elia
1480 588 1537 638 ιιι·
1555 581 1603 640 est
1624 574 1684 638 virn
1706 572 1809 638 iuuere
1834 573 1933 640 literis
1958 576 2068 658 rueris,

394 697 454 762 alin
476 713 538 761 uon
560 695 627 760 sine
649 695 835 759 dubitatione
857 693 1032 774 admittere,
1055 691 1135 776 quod
1157 691 1303 756 absonum
1325 698 1357 756 et
1378 691 1530 774 scriptore
1552 707 1642 754 sucro
1665 689 1819 775 indignum
1842 690 1890 754 sit.

551 809 653 874 ιιιιιιι
675 827 756 874 nunc
778 808 955 895 ambagibus
977 808 1036 874 lroo
1058 808 1187 891 primum
1207 823 1334 886 moneo,
1358 805 1439 889 quod
1458 805 1496 870 ub
1517 805 1584 870 aliis
1605 821 1725 888 quoque
1745 803 1985 870 animadversum
2006 813 2066 885 est,

392 912 648 991 continuationem
671 925 888 994 sententiarum
910 942 972 988 non
995 925 1069 990 sutis
1091 923 1270 988 concinnam
1292 920 1456 1004 adparere,
1479 922 1505 984 ιι
1531 919 1634 984 icor.
1658 920 1710 1000 lb,
1731 919 1783 984 ιθ.
1808 921 1915 984 verbu:
1939 925 1967 983 ot
1987 919 2064 1002 βαπ-

391 1031 541 1128 τιζόμενοι
558 1038 631 1130 ὑπὲρ
650 1049 712 1105 τῶν
731 1047 840 1128 νεκρῶν
861 1039 901 1102 ad
921 1055 976 1103 eos
995 1037 1127 1118 referas,
1151 1038 1201 1120 qui
1220 1051 1339 1102 sucrum
1361 1037 1513 1102 lavacrum
1535 1053 1592 1120 pro
1615 1037 1744 1114 mortuis,
1763 1035 1919 1100 subierint.
1963 1036 2064 1110 Quum

392 1158 472 1221 enim
500 1153 553 1220 illo
581 1154 651 1218 loco
678 1155 749 1220 inde
770 1173 788 1218 a
812 1173 841 1216 ν.
865 1153 918 1218 21.
941 1171 1037 1237 usqua
1060 1153 1098 1218 ud
1120 1173 1150 1215 v.
1174 1151 1227 1216 28.
1254 1145 1425 1235 expositum
1448 1153 1503 1233 rit,
1535 1151 1684 1216 Οιιιιιιιιι
1710 1151 1878 1216 bominibus
1906 1159 2062 1216 auctorem

391 1271 626 1336 resurrectionis
648 1287 799 1353 conseque
821 1271 901 1334 ritae
923 1287 1011 1350 esse,
1034 1287 1091 1334 suo
1113 1275 1212 1332 autem
1235 1267 1342 1332 ordino
1365 1269 1500 1351 quemvis
1522 1273 1778 1347 resurrecturum,
1805 1267 1846 1332 ιιι
1869 1267 2004 1350 quidem,
2031 1273 2066 1332 ιιι

390 1395 462 1472 post
485 1385 650 1466 Christum,
681 1385 800 1468 quando
822 1385 889 1468 ipse
911 1385 1051 1462 redierit,
1080 1385 1200 1468 iiquos
1223 1383 1281 1448 ribi
1302 1383 1440 1450 addictos
1469 1385 1591 1463 babeat,
1620 1385 1855 1463 resuscitentur,
1886 1393 1958 1448 tuno
1985 1399 2061 1448 uero

395 1521 464 1569 oum
487 1502 607 1568 devicto
630 1503 738 1584 quovis
760 1501 848 1566 noste
870 1503 948 1584 patri
971 1501 1070 1564 omnia
1092 1499 1267 1564 traditurum
1290 1507 1322 1564 et
1343 1517 1414 1564 sese
1435 1501 1534 1584 ipsum
1557 1501 1759 1583 subjecturum
1781 1514 1868 1577 asse;
1890 1499 1948 1564 boe
1970 1500 2064 1584 igitur

395 1637 485 1702 quum
507 1617 567 1682 illis
591 1617 728 1682 versibus
750 1617 921 1700 expositum
944 1618 998 1697 sit,
1027 1618 1133 1680 minrm
1156 1633 1230 1680 sune
1252 1614 1415 1694 videbitur,
1444 1616 1494 1698 qui
1516 1615 1582 1695 liet,
1608 1624 1643 1680 ut
1664 1616 1711 1680 lris
1733 1615 1823 1680 dicds
1844 1615 2000 1697 apostolus
2023 1613 2062 1680 ad

394 1733 573 1817 baptismum
595 1731 677 1798 illum
701 1733 846 1796 vicariurn
868 1731 967 1796 subito
990 1732 1156 1796 delabatur.
1202 1730 1317 1806 Quodsi
1344 1730 1434 1814 puolo
1460 1730 1664 1817 negligentius
1687 1731 1762 1796 baec
1785 1739 1816 1795 et
1838 1731 2000 1809 solutiore,
2029 1739 2064 1794 nt

394 1849 427 1914 in
450 1848 594 1932 epistola,
616 1847 724 1912 ordine
740 1849 859 1930 scripta
881 1847 984 1912 dicunt
1005 1845 1079 1924 (cir.
1102 1845 1244 1910 Riclert.
1267 1848 1305 1911 ad
1320 1847 1349 1910 ιι.
1366 1847 1420 1926 1.),
1442 1865 1502 1911 uon
1525 1849 1635 1932 ignoro
1658 1845 1812 1930 equidem,
1835 1845 1917 1910 Pauli
1939 1847 1969 1910 in
1992 1846 2064 1928 epi·-

394 1964 481 2028 stolis
503 1963 594 2028 rnultu
616 1963 734 2041 inesse,
757 1979 834 2044 quae
849 1962 1003 2047 ingenium
1024 1961 1183 2026 scribentis
1203 1961 1305 2026 aluere
1325 1969 1356 2025 et
1375 1962 1506 2026 vividum
1526 1959 1669 2027 liberiore
1691 1963 1817 2046 quadum
1838 1961 2063 2028 continuatione

397 2080 612 2145 sententiarum
634 2078 778 2162 prodant;
807 2078 862 2144 red
884 2077 999 2142 formae
1021 2076 1052 2140 id
1074 2079 1249 2160 concisique
1271 2078 1420 2142 sermonis
1443 2095 1513 2142 esre
1536 2079 1615 2143 solet
1635 2097 1694 2143 uec
1716 2081 1757 2143 ιιι
1780 2083 2001 2162 comparatum,
2029 2083 2064 2140 ut

396 2203 534 2259 tenorem
556 2195 729 2258 continuum
750 2193 923 2258 desideres:
946 2209 1006 2256 nou
1022 2191 1108 2256 abest
1122 2191 1170 2256 bio
1185 2199 1291 2272 tenor,
1315 2193 1386 2256 lutet
1405 2194 1505 2276 potins
1520 2201 1551 2256 et
1565 2193 1771 2277 anquirendns
1791 2201 1838 2258 est
1851 2189 1892 2269 ⁰).
1913 2191 2063 2278 ⁴Egregia

395 2328 471 2375 roro
506 2309 582 2374 baec
611 2309 790 2374 exercitatio
819 2308 993 2390 interpretis
1014 2316 1046 2370 et
1067 2307 1225 2391 plurimum
1254 2307 1368 2374 iaciens
1396 2309 1434 2372 ad
1456 2317 1585 2373 mentem
1611 2310 1745 2374 auctoris
1768 2309 1980 2392 aperiendum,
2010 2323 2063 2372 cns

397 2423 533 2509 quolibet
552 2425 622 2489 loco
643 2425 782 2488 notiones
801 2431 832 2488 et
851 2423 1016 2488 sententias
1034 2441 1160 2503 enrere,
1184 2441 1261 2506 quoe
1280 2441 1337 2507 per
1355 2424 1494 2489 ambitum
1514 2425 1642 2507 aliquem
1663 2425 1808 2488 orationis
1828 2426 1915 2507 quasi
1933 2431 2064 2509 regnent
2120 2467 2125 2482 .

396 2559 432 2606 ac
455 2541 590 2627 singulos
612 2539 700 2624 bujns
722 2547 825 2624 partes
848 2557 887 2602 ex
910 2555 945 2602 re
966 2555 1131 2622 suspensas
1152 2539 1289 2602 babeant.
1334 2537 1448 2604 Nostro
1475 2547 1574 2603 antem
1600 2540 1670 2604 loco
1697 2543 1890 2624 praecipuum
1917 2539 1976 2603 lroc
2004 2546 2062 2619 est,

395 2657 485 2721 idem
507 2663 538 2721 et
560 2673 644 2740 spem
667 2655 796 2721 bominis
819 2655 973 2719 cbristinui
996 2671 1114 2718 ornnem
1134 2655 1165 2717 in
1180 2652 1299 2718 Obristo
1321 2673 1362 2718 en
1383 2661 1480 2719 morte
1503 2655 1682 2719 ramucituto
1704 2657 1833 2739 positum
1855 2673 1935 2720 esse.
1974 2654 2064 2730 Quod

394 2771 544 2838 siialsnm
560 2773 614 2852 sit,
636 2773 678 2836 ait
693 2770 866 2854 apostolus,
888 2769 964 2834 fides
979 2778 1010 2834 ot
1024 2787 1097 2853 spes
1112 2777 1175 2833 tota
1190 2771 1318 2849 conuit3
1340 2771 1421 2852 atqui
1441 2772 1629 2835 verissimum
1644 2769 1717 2836 illud
1732 2777 1782 2836 est
1796 2789 1832 2836 uc
1847 2771 2063 2836 certissinnmr

395 2886 532 2954 Christus
555 2905 595 2952 ex
616 2893 713 2952 morte
735 2887 825 2950 rediit
846 2893 954 2950 auctor
976 2887 1038 2950 suis
1058 2893 1088 2949 ct
1107 2886 1249 2969 princeps
1270 2886 1351 2950 uitae
1373 2893 1445 2969 post
1466 2894 1592 2950 mortem
1614 2887 1849 2971 recuperandae.
1888 2887 2004 2952 llebino
2025 2903 2063 2950 ea

397 3011 577 3087 sequuntur,
599 3019 676 3085 quae
691 3021 708 3066 a
723 3021 752 3065 r.
770 3001 822 3066 21.
842 3001 995 3084 usquead
1015 3020 1044 3064 ν.
1060 2999 1113 3064 28.
1135 3001 1172 3064 de
1193 3001 1283 3065 modo
1303 3008 1489 3084 attempero
1507 3003 1742 3068 resurrectionis
1764 3003 1923 3086 aliquando
1943 3001 2062 3066 loturae

392 3119 549 3204 apostolus
572 3117 613 3182 ita
635 3117 775 3201 exponit,
805 3123 838 3182 ut
860 3115 1010 3182 Christum
1031 3115 1116 3182 linito
1138 3117 1196 3180 lroo
1219 3133 1320 3181 rerum
1348 3116 1456 3181 ordine
1477 3117 1508 3180 in
1530 3115 1629 3202 glorie
1656 3117 1859 3202 adparitumm
1881 3123 1912 3181 et
1934 3133 2061 3202 regnum

393 3251 480 3300 suum
501 3235 590 3298 truste
608 3235 671 3317 jam
693 3231 776 3298 nullo
799 3231 963 3318 superstite
985 3239 1220 3296 consummatum
1243 3232 1309 3296 Deo
1331 3233 1411 3316 putri
1431 3231 1617 3297 redditurum
1639 3251 1711 3297 erse
1732 3233 1850 3298 doceat.
1895 3233 1980 3307 Quae
2001 3251 2062 3296 ex·

392 3351 504 3436 positio
527 3367 617 3433 quum
640 3349 823 3428 sententiae,
846 3367 935 3431 quern
957 3346 1101 3427 diximus,
1124 3347 1284 3431 primariae
1307 3347 1463 3432 subjuncta
1485 3349 1539 3428 sit,
1562 3348 1740 3414 continuans
1762 3349 1930 3414 orationem
1953 3345 2061 3411 Paulus

393 3466 433 3530 ad
455 3466 533 3530 bunc
554 3466 650 3548 ipsam
672 3465 753 3528 redit
772 3466 803 3528 in
823 3465 962 3548 proxima
982 3471 1086 3547 parte,
1110 3481 1187 3546 quae
1207 3479 1313 3526 versus
1332 3481 1350 3526 ι
1372 3463 1444 3527 29¹⁰
1462 3482 1558 3547 usque
1576 3464 1615 3527 ad
1635 3461 1730 3527 didm
1752 3465 1978 3548 complectitur,
2001 3463 2061 3526 boo

393 3587 587 3666 argumento,
610 3585 659 3660 ut,
682 3580 708 3643 ιι
731 3597 809 3644 rana
833 3581 873 3644 sit
896 3595 967 3662 spes
987 3579 1237 3658 resurrectionis,
1260 3581 1377 3644 irritum
1403 3597 1473 3643 esse
1495 3588 1617 3645 monent
1639 3579 1687 3642 vel
1709 3577 1886 3663 baptismum
1907 3577 1980 3667 ὑπὲρ
1998 3586 2062 3642 τῶν

395 3703 504 3784 ampelo
527 3693 576 3760 vel
600 3693 741 3778 quidquid
762 3711 820 3778 pro
843 3713 935 3759 eausa
958 3693 1069 3758 Christi
1091 3693 1247 3777 apostolus
1269 3696 1335 3778 ipse
1357 3695 1468 3759 toleret
1489 3713 1526 3758 ac
1548 3695 1703 3758 sustineat.
1748 3694 1858 3760 Animo
1884 3695 1978 3780 igitur
2001 3694 2062 3758 ob·

394 3817 534 3875 uersatur
555 3811 748 3893 praecipuum
771 3809 857 3874 illud:
889 3811 985 3874 omnis
1008 3827 1079 3894 spes
1103 3818 1206 3874 nostra
1230 3811 1259 3873 in
1282 3811 1507 3874 resurrectione
1530 3809 1642 3874 Christi
1663 3811 1719 3874 situ
1742 3817 1803 3888 est,
1832 3827 1909 3893 quae
1931 3812 1958 3874 si
1980 3809 2062 3874 nullu

394 3927 448 4007 sit,
470 3926 615 4004 concidit3
644 3925 682 3990 nd
704 3927 762 3991 lroc
785 3943 856 3990 sese
878 3925 1033 4009 adplicans
1057 3926 1157 4010 pergit
1180 3926 1228 3988 bis
1250 3925 1366 3988 vorbis:
1390 3943 1459 3988 narn
1481 3925 1551 4007 quid
1575 3924 1686 3989 lucient
1708 3930 1735 3988 ot
1757 3917 1967 4014 βαπτιζόμενοι
1988 3923 2061 4013 ὑπὲρ

393 4049 455 4106 τῶν
471 4034 603 4126 carpito?
625 4059 682 4104 eur
700 4041 789 4106 etiarn
809 4013 866 4104 nos
886 4039 1019 4125 quotidie
1040 4041 1143 4104 mortis
1162 4041 1328 4124 periculum
1347 4041 1502 4105 subimus?
1535 4039 1601 4105 dam
1616 4041 1643 4104 ιι
1662 4041 1754 4126 lingo,
1777 4031 1970 4124 βαπτίζεσθαι
1988 4037 2061 4126 ὑπὲρ

298 4137 303 4148 ’
393 4165 456 4222 τῶν
470 4165 580 4245 νεκρῶν
599 4155 638 4221 de
660 4156 809 4240 baptismo
824 4157 892 4219 vice
906 4163 1090 4220 mortuorum
1106 4163 1249 4239 suscepto
1265 4157 1335 4236 diei,
1357 4174 1419 4221 non
1435 4175 1472 4220 eu
1487 4163 1535 4220 est
1555 4155 1721 4235 difficultas,
1744 4155 1824 4239 quod
1842 4155 2062 4240 argumentatio

393 4271 637 4356 adprobandum
664 4273 823 4337 verintem
851 4273 1085 4336 resurrectionis
1113 4279 1255 4355 spectans
1280 4279 1351 4355 post
1375 4271 1595 4358 digressionem
1618 4291 1646 4334 ν.
1669 4271 1708 4336 21
1724 4305 1758 4318 -
1771 4269 1823 4335 28.
1848 4270 1956 4336 ιιιιιιι
1978 4285 2060 4334 con-

394 4387 546 4468 tinuetur,
569 4388 625 4452 sed
646 4387 727 4470 quod
747 4405 785 4450 eo
808 4387 838 4452 id
858 4387 910 4452 ιιι
929 4388 1036 4469 modo,
1060 4390 1110 4471 qui
1125 4389 1286 4452 universae
1300 4388 1472 4452 tractationi
1486 4405 1590 4471 pamm
1606 4393 1763 4473 congruat.
1801 4385 1887 4450 Unde
1906 4386 1985 4450 cuim
2004 4383 2061 4464 illi,

396 4504 447 4586 qui
468 4521 525 4586 pro
547 4501 615 4568 aliis
637 4501 841 4586 baptizantur,
864 4511 991 4587 repente
1014 4505 1044 4568 io
1067 4503 1195 4568 medium
1217 4503 1389 4587 prodeunt?
1427 4503 1464 4567 lli
1483 4521 1596 4586 quaeso
1617 4521 1672 4568 cur
1693 4501 1752 4568 soli
1774 4509 1971 4567 recensentur
1993 4500 2060 4564 sine

396 4615 458 4681 ulla
487 4633 590 4683 eorum
616 4619 785 4699 mentione,
814 4619 865 4702 qui
891 4635 948 4701 pro
976 4619 1112 4702 seipsis
1140 4620 1171 4682 in
1194 4616 1343 4683 Christum
1371 4617 1580 4702 baptizantur?
1624 4618 1699 4683 Num
1725 4617 1757 4683 id
1779 4615 1898 4700 quidem
1923 4633 1985 4680 nou
2011 4621 2061 4681 est

452 4889 479 4956 9)
503 4885 555 4939 Vix
572 4889 670 4940 monito
688 4905 754 4957 opus
772 4905 831 4942 esse
849 4889 959 4955 videtur,
976 4907 1030 4942 nou
1045 4889 1077 4943 de
1093 4891 1190 4943 lishon
1207 4891 1274 4944 loeis
1291 4889 1398 4956 dictum,
1416 4887 1462 4942 nbi
1481 4889 1621 4959 apostolus,
1642 4887 1767 4957 siquando
1785 4887 1928 4941 absolverit
1945 4887 2059 4956 aliquam

504 4987 651 5050 ιιιιιιιιιιιι,
668 4987 830 5054 praelatione
848 4989 945 5042 omissa
962 4989 996 5040 ad
1014 4989 1093 5042 aliern
1111 4989 1312 5057 transgreditur3
1340 4991 1408 5058 qnod
1426 5005 1478 5040 non
1496 5005 1582 5041 nrum
1600 4997 1641 5042 est
1657 4989 1685 5038 in
1703 4985 1832 5054 epistolis,
1848 4989 1999 5055 praesertim
2017 4987 2060 5051 ils,

508 5099 574 5152 quse
592 5084 626 5138 sd
643 5087 808 5152 queastiorrss
825 5087 943 5156 sportolo
959 5089 1106 5156 propositus
1123 5095 1225 5142 ιιιιιιι
1243 5087 1334 5140 harum
1352 5085 1442 5141 ordine
1459 5087 1622 5157 respondent.
