4724 5942
1006 351 1250 439 ..ld-

292 562 348 628 hac
371 561 492 643 nititur,
514 564 734 649 exspectationi
757 562 923 630 luttrrorum
947 581 1008 628 non
1031 563 1109 628 ultra
1131 561 1233 628 locum
1254 579 1340 626 esse:
1363 579 1402 625 eo
1421 579 1487 627 rem
1507 559 1684 640 devenisse,
1706 567 1739 624 ut
1761 578 1889 646 regnum
1911 560 1969 627 bct

291 695 438 761 praesens
468 679 671 762 arripiendum
694 679 749 758 ait,
778 678 858 761 quod
881 679 934 760 qui
954 678 1163 756 intermiserit,
1189 679 1249 740 etsi
1270 695 1385 740 summo
1408 675 1536 740 antebac
1559 676 1628 742 loco
1651 677 1834 756 habendum,
1865 675 1966 740 inlimo'

294 809 414 876 quoque
436 793 515 856 intar
537 811 609 872 eos,
639 794 689 876 qui
712 794 908 876 arripuerint,
938 791 1112 858 inferiorem
1141 792 1217 856 lore.
1263 793 1371 854 Veram
1400 791 1477 856 hanc
1504 792 1683 873 minimeque
1708 791 1858 856 insolitam
1881 773 1967 856 serbi

294 899 435 996 ἁρπάζειν
464 907 714 990 significationem
744 925 814 972 esse
837 927 925 990 quum
948 910 1130 991 interpretes
1153 916 1213 972 tum
1236 907 1445 992 lexicographi
1472 905 1619 990 exemplis
1644 907 1763 972 idoneis
1786 907 1967 988 docueruut,

295 1025 402 1106 quibus
430 1023 526 1102 addo,
557 1023 587 1087 in
610 1041 687 1104 quae
715 1022 794 1088 forte
817 1025 926 1103 incidi,
954 1043 995 1088 ex
1017 1023 1123 1088 Cassio
1146 1023 1243 1086 [tione
1266 1022 1320 1102 tl,
1344 1023 1412 1086 th:
1444 1014 1584 1110 ἁρπάζειν
1606 1021 1660 1087 τὸν
1682 1020 1783 1110 καιρόν
1806 1031 1838 1086 et
1859 1021 1965 1086 eadam

293 1141 412 1204 ratione
431 1139 542 1204 dictum
563 1137 713 1225 ἁρπακτός
732 1157 772 1204 ex
787 1139 910 1204 Hesiodi
931 1157 1001 1222 opp.
1022 1147 1054 1202 et
1074 1139 1150 1207 dier.
1167 1159 1194 1200 v.
1211 1137 1285 1202 682.
1325 1137 1384 1202 Sed
1405 1140 1540 1220 quaestio
1561 1136 1736 1220 principalis
1751 1144 1800 1200 est
1814 1137 1852 1200 de
1867 1138 1964 1200 verbo

295 1244 461 1340 βιάζιοθαι,
492 1252 572 1336 qnod
595 1254 703 1318 bonan
726 1256 755 1318 in
779 1262 896 1337 partem
917 1272 1011 1338 posse
1033 1254 1110 1318 trahi
1136 1261 1257 1338 negant.
1302 1251 1384 1316 Nihil
1412 1262 1530 1318 moror:
1561 1271 1629 1318 nam
1652 1255 1684 1318 si
1712 1252 1823 1318 honum
1854 1252 1966 1334 aliquid

293 1369 459 1454 siguificat,
483 1369 541 1432 hoc
563 1385 625 1434 non
648 1370 716 1452 ipso
740 1371 770 1432 in
793 1368 887 1436 varho
910 1372 1040 1452 positum
1063 1371 1216 1446 existimo,
1245 1367 1301 1432 sed
1324 1369 1355 1430 in
1377 1385 1519 1432 sermone
1542 1371 1694 1432 continuo.
1739 1368 1868 1432 Primum
1890 1385 1965 1433 vero

293 1483 512 1567 quaerendum,
542 1484 638 1548 forma
665 1475 813 1568 βιάζεται,
845 1502 932 1567 quam
961 1486 1048 1550 locus
1078 1490 1183 1550 noster
1209 1483 1347 1562 exhibet,
1377 1490 1475 1546 utrum
1505 1484 1626 1565 passiva
1654 1485 1693 1548 sit
1714 1503 1753 1548 au
1781 1483 1888 1548 media.
1933 1482 1965 1547 Si

294 1599 420 1667 mediam
443 1601 604 1678 sumseris,
628 1601 756 1664 maxime
778 1601 967 1664 commodum
990 1602 1063 1679 erit,
1088 1601 1168 1682 quod
1191 1598 1353 1684 Beuqelius
1376 1598 1451 1662 vult:
1480 1617 1551 1662 sese
1573 1599 1603 1662 vi
1626 1599 1709 1680 quasi
1733 1599 1964 1680 obtrudit,.neo

292 1724 391 1783 umen
413 1717 454 1782 ita
473 1715 677 1794 cocrnmodum,
700 1723 732 1778 ut
751 1715 824 1780 nihil
851 1715 932 1782 dubii
953 1717 1095 1797 supersit.
1140 1714 1282 1790 Quamuis
1305 1715 1383 1778 anim
1406 1712 1569 1798 hengelius
1591 1712 1727 1780 adnotet:
1753 1731 1868 1796 „saepe
1886 1713 1966 1778 LXX

292 1822 432 1918 βιάζομαι
460 1838 589 1914 ponuot:
619 1831 680 1894 sim
708 1830 875 1909 adhibeas
906 1831 1075 1914 exemplum
1098 1831 1186 1912 hujus
1209 1831 1298 1894 medii
1320 1830 1456 1894 absolute
1479 1837 1511 1922 et
1533 1830 1599 1892 sine
1622 1829 1684 1892 ullo
1706 1829 1909 1906 additamento
1931 1829 1963 1895 iu

292 1947 378 2012 verbi
397 1945 471 2010 finiti
491 1945 587 2011 lorma
607 1947 698 2028 positi
718 1947 797 2030 apud
812 1946 1036 2012 Alexandrinos
1058 1963 1179 2028 quoque
1198 1947 1249 2009 vix
1267 1953 1340 2028 puto
1360 1945 1498 2028 reperiri.
1530 1943 1671 2023 Accedit,
1695 1945 1775 2027 quod
1790 1946 1856 2028 ipsa
1871 1944 1965 2010 verba

292 2063 478 2139 senencias,
508 2061 534 2124 si
560 2061 639 2126 inter
665 2078 702 2124 se
729 2060 911 2139 contuleris,
942 2060 1067 2125 formam
1096 2062 1247 2143 passivam
1274 2061 1408 2124 indicare
1436 2060 1576 2124 videntur
1593 2056 1647 2136 ¹³).
1696 2060 1772 2126 Nam
1802 2078 1878 2142 quae
1907 2059 1964 2124 suh

291 2177 380 2244 huam
403 2173 545 2240 versiculi
568 2175 647 2240 dicta
669 2176 824 2260 leguntur:
847 2175 899 2238 ιιοιὶ
921 2177 1041 2258 βιασταὶ
1060 2166 1237 2264 ἁρπάζουσιν
1260 2175 1370 2254 αὐτήν,
1393 2191 1429 2238 ea
1452 2192 1526 2238 sane
1549 2177 1661 2258 optime
1683 2195 1752 2240 curn
1775 2175 1964 2240 anteceden-

291 2293 371 2360 tibus
393 2293 572 2370 conciuunt,
594 2291 622 2354 si
641 2289 717 2354 haec
736 2290 767 2354 id
786 2291 857 2364 lieri
876 2291 907 2354 in
927 2289 1063 2374 βασιλείᾳ
1080 2299 1142 2354 τῶν
1162 2293 1292 2379 οὐρανῶν
1315 2290 1432 2370 dicunt,
1456 2290 1535 2372 quod
1558 2291 1713 2364 locheles
1736 2309 1803 2354 eam
1825 2293 1964 2374 arripere

292 2408 446 2486 dicuntur,
469 2407 552 2486 siva,
573 2415 608 2472 ut
628 2407 762 2490 apertius
784 2406 906 2488 loquar,
929 2406 956 2472 si
975 2406 1034 2470 hoc
1055 2405 1146 2472 modo
1166 2404 1306 2488 procedit
1328 2405 1441 2471 oratio:
1465 2405 1512 2470 vis
1534 2404 1662 2470 infertur
1683 2423 1781 2492 regno
1804 2405 1962 2472 coelorum

293 2531 326 2588 et
339 2524 399 2588 vim
414 2522 580 2588 inferentes
595 2521 667 2586 illud
683 2521 840 2604 arripiunt.
879 2520 1063 2604 Quemquam
1077 2521 1189 2586 rectius
1205 2521 1340 2586 diceres:
1364 2521 1395 2584 vi
1409 2525 1603 2604 expugnatur
1617 2539 1643 2584 s.
1658 2523 1688 2586 vi
1703 2522 1821 2604 capitur
1835 2539 1964 2606 regnum

295 2639 428 2706 diuimm
438 2623 646 2720 ¹(hlesychiusz
670 2637 770 2720 βιαίοις
785 2640 965 2724 κρατεῖται).
1003 2635 1079 2700 Nam
1094 2627 1347 2720 νονοίβιάζεοθαι
1362 2634 1632 2720 significationem,
1656 2653 1733 2718 quaa
1749 2637 1777 2702 h.
1793 2637 1813 2700 l.
1838 2637 1965 2718 obtinet,

292 2771 356 2820 uon
376 2755 478 2820 dubito
502 2772 542 2816 ex
561 2769 597 2816 re
616 2752 737 2818 militari
758 2751 953 2834 repetendam
969 2759 1001 2815 et
1019 2752 1154 2836 ejusdem
1174 2751 1240 2816 fere
1259 2754 1383 2836 pencris
1404 2769 1474 2816 esse
1493 2759 1585 2834 atque
1602 2768 1649 2830 ea,
1673 2769 1750 2833 quse
1770 2754 1863 2818 variis
1884 2754 1963 2819 ima·

293 2870 414 2956 pinibus
430 2887 576 2952 expresse
591 2868 629 2933 ad
644 2867 778 2934 militiam
793 2867 983 2932 christianam
999 2875 1146 2950 spectem.
1184 2867 1239 2932 llio
1254 2885 1327 2930 usus
1343 2865 1427 2930 verbi
1442 2874 1489 2930 est
1504 2865 1524 2930 2
1539 2867 1634 2930 hlace.
1653 2866 1705 2946 lt,
1721 2867 1774 2930 lt.
1792 2858 1964 2950 (βιάζεσθαι

291 2985 349 3058 τήν
371 2982 492 3073 θύραν);
515 2985 594 3050 idem
616 2983 696 3067 apud
718 3001 850 3069 graecos
873 2983 1040 3066 scriptores
1062 2982 1206 3064 frequens
1228 2991 1259 3046 et
1281 2983 1378 3046 tritus.

450 3099 516 3164 Jam
539 3101 570 3164 in
592 3101 659 3182 ipsa
683 3098 802 3181 quidem
829 3099 991 3164 verborum
1014 3098 1215 3182 explicatione
1238 3096 1431 3164 multinubis
1453 3098 1695 3180 patrocinmtur,
1718 3100 1801 3180 velut
1822 3098 1965 3165 Neauder

292 3216 341 3292 (in
364 3216 426 3280 vita
447 3214 539 3290 lesu)
562 3213 653 3280 etde
676 3213 807 3278 Wettius
830 3213 933 3291 (adh.
954 3215 1009 3295 l),
1032 3214 1087 3278 sed
1109 3214 1167 3294 ita,
1189 3221 1224 3276 ut
1244 3212 1365 3278 suarum
1386 3212 1461 3278 Jesa
1482 3213 1522 3278 ad
1544 3231 1737 3282 cumrerum
1759 3195 1965 3281 conditionem

292 3331 446 3410 celerant,
477 3347 554 3414 quae
577 3347 650 3393 uere
673 3329 726 3394 illo
748 3338 885 3414 tempore
916 3329 1015 3394 luerit.
1060 3329 1214 3394 Excitatus
1244 3329 1380 3394 homines
1409 3330 1509 3398 audita
1531 3329 1658 3396 lamnis
1685 3331 1896 3396 exhortatione
1926 3329 1966 3396 ad

292 3448 474 3514 desiderium
496 3447 583 3531 regni
606 3445 714 3526 divini,
740 3453 863 3512 ,auctum
886 3446 917 3510 in
945 3445 1011 3510 dies
1033 3463 1138 3508 eorum
1165 3444 1259 3508 luisse
1288 3462 1459 3524 numerum,
1488 3445 1538 3528 qui
1565 3444 1666 3510 studio
1688 3444 1776 3528 huJus
1799 3445 1965 3530 quaerendi

292 3563 544 3641 incenderentur,
568 3569 599 3626 et
618 3561 648 3626 id
667 3561 724 3624 sihi
745 3561 824 3626 velle
844 3561 954 3626 dietum
974 3559 1063 3640 iesu,
1087 3567 1119 3624 ut
1138 3579 1277 3646 magnum
1291 3547 1375 3624 'nnnc
1397 3568 1508 3625 momm
1528 3562 1695 3642 animorum
1715 3559 1766 3624 illa
1785 3568 1965 3643 tempestate

291 3677 401 3744 lactum
427 3677 613 3744 testificetur.
659 3677 790 3756 Atvero,
819 3677 846 3738 si
872 3677 999 3742 nexium
1026 3676 1207 3756 concedam,
1237 3677 1372 3760 potuisse
1396 3675 1545 3740 Christum
1572 3695 1624 3756 ea,
1654 3695 1732 3759 quae
1758 3683 1828 3740 ante
1856 3675 1963 3740 oculos

290 3796 390 3879 posita
419 3793 561 3872 habehat,
592 3794 623 3856 in
649 3793 727 3858 hanc
749 3799 864 3875 partem
892 3793 1085 3874 interpretari
1108 3799 1139 3856 et
1161 3793 1334 3858 exardere
1356 3793 1386 3854 in
1409 3793 1514 3856 animis
1545 3790 1656 3854 oborto
1683 3792 1846 3857 laetissima
1875 3793 1964 3876 regni
2073 3862 2075 3866 .

291 3909 385 3974 divini
411 3910 595 3972 incrementa
623 3909 780 3992 augurari:
810 3907 863 3972 illo
892 3915 976 3970 certe
999 3907 1068 3972 loco
1092 3925 1153 3972 non
1175 3915 1311 3991 poterat,
1342 3925 1432 3990 quum
1455 3909 1486 3970 in
1508 3924 1546 3970 ec
1569 3914 1668 3986 esset,
1698 3913 1730 3970 ut
1752 3907 1791 3972 de
1814 3925 1909 3990 opera
1931 3909 1963 3972 in

290 4025 460 4091 hominibus
488 4023 622 4107 perdita,
654 4023 692 4087 de
720 4023 922 4086 obstinatione
950 4024 1120 4105 pervicaci,
1151 4023 1190 4086 de
1216 4031 1343 4086 veterno
1370 4031 1401 4086 et
1431 4031 1556 4106 torpore
1584 4022 1752 4104 aequalium
1784 4031 1964 4104 quereretur

291 4145 348 4216 (v.·
366 4139 534 4216 16-2t.)
580 4138 683 4204 Omnis
711 4147 809 4203 autem
837 4139 911 4202 hacc
937 4137 1093 4202 difficultas
1116 4137 1197 4201 illico
1220 4137 1368 4200 dilabetur
1390 4145 1421 4200 et
1443 4137 1515 4202 nihil
1538 4138 1611 4216 erit,
1641 4137 1722 4218 quod
1749 4137 1962 4202 dubitationem
2018 4174 2022 4182 ·

289 4257 419 4342 injiciat,
442 4257 468 4320 si
490 4264 608 4338 tempus
631 4273 794 4338 praesens:
818 4245 953 4338 βιάζεται
975 4253 1027 4317 illo
1051 4253 1141 4318 modo
1164 4255 1295 4336 positum
1318 4254 1479 4333 sumseris,
1502 4261 1534 4316 ut
1556 4253 1586 4316 id
1610 4252 1766 4337 designet,
1789 4252 1868 4334 quod
1892 4269 1963 4318 essa

329 4549 370 4640 ia)
396 4574 535 4626 Passivum
556 4580 581 4623 et
599 4588 644 4622 eas
668 4588 771 4638 quoque
788 4572 892 4623 Passivi
915 4572 1024 4632 formes,
1049 4585 1115 4636 quae
1139 4569 1215 4634 hujus
1235 4577 1261 4619 el
1278 4567 1360 4619 Medii
1380 4583 1528 4619 communes
1548 4575 1622 4633 sunt,
1647 4567 1726 4617 etiam
1749 4565 1803 4616 illia
1821 4567 1848 4618 in
1867 4567 1963 4630 verbis,

397 4687 505 4737 quorum
524 4671 647 4722 noenum
673 4671 726 4720 fere
750 4669 822 4720 nullo
849 4670 875 4718 in
900 4685 949 4720 usu
968 4675 1021 4731 est,
1048 4669 1168 4736 usurpari
1192 4667 1256 4719 satis
1282 4673 1391 4718 constat
1428 4665 1590 4718 Hellenistas
1616 4675 1702 4717 autem
1721 4665 1830 4716 Passivo
1853 4645 1885 4716 n⁰e
1909 4676 1963 4717 tum

401 4769 504 4835 quidem
528 4783 633 4835 prorsus
652 4767 794 4832 abstinere,
819 4770 842 4818 si
860 4765 968 4818 verbum
987 4765 1093 4833 aliquod
1111 4783 1158 4834 pro
1178 4765 1270 4818 lcdvo
1294 4765 1400 4816 nonnisi
1419 4765 1534 4816 Medium
1559 4764 1651 4827 habet,
1678 4781 1711 4816 ex
1729 4779 1779 4814 usu
1797 4763 1871 4815 serbi
1895 4761 1963 4833 λογί-

398 4865 487 4933 ζεσθαι,
507 4865 592 4933 qualis
610 4865 638 4916 in
656 4881 725 4918 novo
742 4873 896 4918 testamento
915 4873 963 4931 aar,
981 4866 1087 4934 adparet
1105 4865 1152 4916 cir.
1171 4865 1244 4916 Rom.
1265 4869 1290 4927 2,
1308 4865 1351 4914 26.
1369 4869 1394 4927 4,
1413 4868 1430 4913 4
1448 4879 1470 4914 r.
1488 4867 1530 4914 22.
1564 4864 1681 4914 Transiit
1698 4863 1748 4915 hoo
1767 4862 1800 4912 ad
1823 4839 1962 4930 seript'orer

400 4965 602 5020 ecclesiasticos.
639 4965 686 5018 alr.
712 4962 786 5032 Orig.
812 4963 941 5032 (Hippol.)
964 4963 1159 5030 Philosophi,
1180 4966 1219 5014 12.
1247 4961 1298 5028 (ed.
1323 4965 1381 5016 Em.
1406 4962 1495 5014 Miller
1511 4979 1537 5029 p.
1557 4960 1633 5027 290)ι
1661 4956 1690 5012 ot
1713 4959 1836 5030 λογῖζιτοι
1859 4957 1964 5029 steps

400 5079 514 5134 ψαρῖἱα.

1591 5157 1642 5222 3}
