4724 5942
1132 379 1352 460 ..ς-

405 596 447 663 ιίι
468 596 527 662 boo
549 595 607 662 sibi
627 596 755 676 navent,
777 613 867 678 quum
882 592 1036 658 Paulmttm
1053 591 1142 658 illud:
1165 581 1199 666 ίὶ
1217 589 1311 683 ίφγων
1331 592 1431 683 νόμον,
1454 591 1535 676 quod
1554 589 1712 656 artiemmn
1731 609 1793 656 non
1812 591 1932 674 babeat,
1955 592 2077 660 delendi

406 727 502 796 posse
528 719 653 776 nauseat
678 719 710 774 et
737 709 958 776 detendendum
984 708 1078 793 iqittu
1104 707 1256 772 existimet
1281 706 1428 784 (Granum.
1456 726 1486 792 p.
1517 705 1568 770 nu.
1591 709 1622 781 ς.
1647 706 1720 772 tut.
1743 706 1774 770 8.
1797 707 1856 784 d).
1903 709 1974 774 Sive
1996 711 2076 774 enim

408 827 482 918 ίργα
504 825 595 914 νόμου
616 826 683 890 siae
704 816 739 900 ίξ
761 823 855 916 ίργων
877 821 969 912 νόμον
991 821 1150 907 apostolus
1173 821 1268 903 dieat,
1291 841 1442 906 nunquam
1464 823 1523 888 hoo
1545 821 1594 886 uel
1616 822 1689 886 illud
1710 823 1753 886 ita
1775 822 1862 904 diets,
1892 833 1925 888 ut
1947 825 2074 890 animle
2213 912 2216 918 Ι

406 959 486 1025 opus
508 942 557 1005 sit.
594 939 686 1006 llulta
706 938 1053 1022 suntaliahnjosmodi‚
1076 937 1233 1022 inquibus
1252 939 1302 1022 qui
1322 945 1428 1003 nomro
1449 953 1490 1001 ex
1508 953 1564 1002 osu
1579 936 1707 1020 judioat,
1729 937 1851 1002 tollitur.
1890 939 2075 1022 Quamquam

405 1073 446 1122 ιιο
459 1075 517 1122 uos
532 1055 653 1140 quidem
666 1073 794 1139 prorsus
809 1054 1005 1120 abhorremus
1028 1053 1066 1118 nh
1079 1053 1131 1118 ilia
1146 1055 1273 1132 ratione,
1296 1073 1353 1136 qua
1369 1053 1411 1133 lit,
1434 1059 1467 1116 ut
1486 1052 1606 1116 nonina
1625 1069 1775 1133 monera,
1798 1071 1926 1138 qnorum
1946 1053 2073 1118 alterum

406 1189 481 1237 omo
502 1172 640 1256 genitivo
661 1171 792 1255 pesitum
815 1179 873 1249 est,
896 1168 992 1234 sicubi
1015 1187 1076 1234 non
1100 1167 1195 1234 solam
1217 1169 1347 1252 aliquam
1369 1185 1433 1232 rem
1454 1175 1568 1232 eertmn
1589 1169 1770 1250 exprimunt,
1793 1170 1848 1234 sed
1871 1171 1968 1254 ipsum
1989 1169 2077 1234 simoni

405 1303 515 1372 penus,
535 1304 598 1370 quo
619 1286 671 1350 illa
693 1286 875 1366 continetur,
897 1292 1138 1369 repraesentant,
1161 1285 1256 1372 dana
1279 1284 1455 1368 plerumque
1477 1282 1660 1348 inversionis
1682 1292 1714 1348 et
1736 1285 1956 1370 compositione
1978 1301 2076 1348 roua·

406 1401 546 1466 hulorum
568 1400 698 1466 adhibita
720 1402 787 1465 sine
809 1401 938 1484 arbonlo
962 1401 1084 1464 delinito
1105 1401 1352 1484 pronunciantur.
1391 1395 1483 1482 Cujus
1501 1400 1548 1464 rai
1566 1399 1735 1483 exemplum
1756 1419 1795 1464 ne
1815 1401 1908 1486 longe
1928 1407 2075 1483 repemm,

312 1533 318 1546 ·
405 1517 504 1601 ipsum
527 1515 614 1592 illud:
638 1505 671 1589 ίὶ
694 1513 788 1606 ίργων
811 1514 902 1603 νόριον
925 1524 1060 1580 nostram
1081 1517 1112 1578 in
1135 1516 1267 1600 linquam
1289 1531 1329 1578 eo
1352 1531 1412 1597 quo
1435 1515 1564 1579 diximus
1588 1513 1677 1581 modo
1697 1516 1872 1580 translatum
1894 1523 1995 1580 sonat:
2018 1529 2074 1580 aus

404 1630 689 1696 (lesemeswerbon.
735 1630 879 1694 Similiter
900 1627 1031 1694 θανάτου
1053 1619 1146 1704 librom
1169 1629 1379 1716 todesrrurdig
1395 1627 1435 1706 ²).
1480 1630 1549 1695 Alia
1572 1632 1707 1715 ejusdem
1730 1631 1854 1717 generis
1876 1639 1959 1696 sunt:
1987 1629 2076 1720 λόγος

405 1743 485 1825 θεοῦ,
508 1747 587 1836 ῥῆμα
610 1743 687 1824 θεοῦ,
710 1743 792 1834 χάρις
810 1742 892 1810 daeo:
916 1743 1114 1824 Gotteswort,
1136 1743 1355 1828 Gottespnade‚
1378 1754 1420 1825 et,
1443 1747 1524 1829 quod
1544 1764 1655 1832 magno
1673 1765 1713 1810 ax
1731 1763 1857 1810 numero
1872 1763 1961 1810 unum
1973 1745 2073 1810 adhue

405 1859 480 1925 libet
501 1860 630 1940 addere,
656 1861 671 1924 1
698 1858 768 1924 Cor.
794 1859 847 1939 id,
870 1857 936 1923 32:
965 1858 1123 1947 πνεύματα
1144 1867 1304 1948 προφητῶν
1331 1895 1365 1904 -
1392 1861 1689 1948 Prophetengeister.
1736 1861 1801 1926 lloe
1823 1862 1943 1945 quidem
1966 1879 2074 1924 exera·

405 1976 488 2060 plum
510 1978 556 2040 rei
579 1993 666 2058 quarn
688 1992 768 2039 nuno
788 1982 950 2038 imotenus
969 1975 1165 2040 illustrandae
1184 1975 1311 2060 egregie
1331 1984 1455 2058 praeter
1474 1985 1576 2042 uetera
1596 1979 1744 2042 inservire
1765 1977 1892 2042 uidetur.
1930 1977 1963 2042 Si
1982 1976 2074 2056 anim,

406 2091 439 2156 id
466 2091 547 2173 qood
570 2098 695 2156 nostrae
722 2089 845 2174 linguae
872 2091 979 2154 neseio
1006 2108 1045 2153 an
1073 2091 1185 2174 optime
1207 2091 1384 2170 conueniat,
1414 2091 1519 2156 verba:
1547 2091 1705 2181 πνεύματα
1730 2101 1889 2182 προφηοῶν
1911 2091 2077 2182 προφήταις

405 2202 621 2286 ῶποτίιοοιπαι,
644 2224 712 2270 oum
734 2204 867 2269 Lutbero
889 2212 1006 2268 vertas:
1037 2203 1087 2268 die
1114 2204 1233 2270 Geistor
1259 2205 1315 2270 der
1340 2205 1511 2290 Propheten
1538 2208 1607 2271 sind
1629 2207 1687 2271 den
1711 2207 1881 2290 Propheten
1903 2206 2074 2285 noterium,

405 2320 465 2384 erit
487 2319 615 2400 seilicet,
639 2319 720 2402 quod
743 2337 883 2401 quaeras,
906 2319 1049 2382 aniculus
1072 2337 1198 2402 φιιιιιιιιιι
1221 2319 1259 2384 de
1281 2339 1374 2386 eausa
1396 2330 1443 2386 ter
1465 2325 1496 2387 in
1519 2323 1624 2388 eadem
1647 2323 1796 2387 sententia
1817 2323 1912 2386 omitti
1932 2321 2074 2406 potuerit.

406 2435 505 2500 Potuit
526 2443 637 2516 autem,
661 2436 730 2518 qula
753 2434 891 2520 singulae
913 2436 1054 2500 notiones
1077 2453 1117 2499 ex
1138 2443 1238 2499 mente
1257 2437 1417 2520 scriptoris
1437 2441 1478 2502 ita
1498 2438 1679 2524 cogitandae
1699 2445 1731 2502 et
1749 2439 1849 2502 animo
1867 2435 2075 2501 infernmum

406 2559 488 2632 sunt,
510 2558 544 2614 nt
564 2550 650 2630 illud,
672 2549 752 2632 quod
776 2549 882 2629 uoluit,
905 2567 967 2614 non
986 2558 1135 2634 tamqnam
1155 2569 1245 2616 unum
1264 2553 1375 2636 aliquid
1395 2563 1510 2620 eertum
1530 2563 1561 2619 at
1579 2554 1850 2637 oiroumsoriptum,
1874 2553 1928 2618 sed
1948 2569 2076 2637 φοιιοιο,

406 2665 446 2730 ad
469 2666 550 2748 quod
571 2667 755 2749 pertineant,
778 2665 1029 2748 comprehensum
1052 2667 1194 2732 indicent.
1222 2668 1379 2732 utimum
1402 2687 1476 2734 sane
1499 2669 1554 2733 luit
1575 2669 1727 2752 apostolo,
1750 2668 1902 2732 seribere:
1925 2667 1966 2733 ποί
1986 2666 2077 2732 mati·

407 2803 492 2868 pann
512 2789 575 2844 πῶν
596 2787 757 2870 προφητῶν
778 2789 840 2854 τοῖς
860 2779 1025 2870 προφήταις
1046 2781 1257 2864 ὑποτάσσεται,
1280 2783 1336 2848 sed
1359 2785 1432 2848 nihil
1454 2785 1584 2865 obsutit,
1608 2803 1667 2868 quo
1690 2785 1787 2848 minus
1810 2785 1923 2848 omisso
1946 2782 2074 2848 antonio

406 2897 586 2960 nolentiam
608 2896 695 2978 quasi
716 2895 891 2978 ampliorem
914 2897 1112 2978 exprimeret:
1137 2899 1306 2982 quicunque
1328 2897 1475 2982 propbeta
1497 2907 1560 2977 est,
1587 2899 1674 2962 dotes
1697 2917 1772 2982 quas
1799 2917 1816 2962 a
1839 2900 1946 2983 spiritu
1969 2906 2076 2962 saneto

406 3011 613 3095 suppeditatas
639 3011 778 3076 hahuerit
806 3011 1014 3095 propheticas,
1043 3029 1097 3077 sua
1125 3014 1278 3078 volontate
1304 3014 1486 3078 moderator.
1533 3013 1637 3078 Utrum
1663 3014 1723 3078 boo
1749 3014 1898 3080 scriberet
1924 3032 1963 3078 an
1989 3011 2075 3092 iliud,

404 3125 438 3192 io
459 3128 555 3210 ipsius
578 3126 702 3191 arbitrio
724 3127 855 3210 positum
878 3137 952 3192 erat.

566 3241 695 3322 Atvero,
718 3243 835 3307 abamsi
857 3243 933 3308 haee
956 3251 987 3307 et
1008 3242 1115 3308 similia
1138 3245 1285 3328 excipias,
1308 3245 1382 3308 satis
1404 3245 1496 3310 multa
1519 3253 1698 3329 supersunt,
1722 3263 1799 3329 quae
1820 3245 1881 3310 boe
1902 3241 1994 3306 modo
2016 3259 2076 3304 exe·
2116 3263 2121 3276 ·

405 3356 505 3441 pediri
526 3367 685 3440 nequeant.
724 3357 849 3444 Singula
871 3377 1007 3441 quaeque
1030 3377 1208 3424 enumerare
1230 3377 1319 3442 qurum
1338 3360 1462 3445 longum
1483 3362 1532 3440 sit,
1555 3360 1698 3426 nonnulla
1717 3361 1862 3425 dudunt
1881 3376 1977 3442 eaque
1996 3357 2072 3420 sim-

405 3473 497 3556 plioia
520 3474 657 3557 exempla
680 3481 804 3536 notasse
827 3472 964 3538 sufficiat.
1004 3473 1068 3538 llao
1090 3473 1203 3554 reiero,
1227 3475 1307 3558 quod
1330 3476 1407 3556 dies,
1430 3494 1489 3558 qno
1513 3474 1648 3540 Christus
1671 3476 1831 3560 aliquando
1852 3475 2004 3538 rediturus
2024 3473 2075 3551 sil,

355 3571 362 3580 ⁸
405 3587 472 3653 dies
487 3589 580 3674 igitur
599 3595 682 3652 oerta
702 3588 826 3653 notione
841 3589 991 3668 delinitus,
1014 3587 1111 3677 ήμίρα
1125 3590 1223 3678 κυρίου
1238 3589 1407 3674 adpellatur
1424 3589 1440 3652 1
1459 3589 1565 3656 Thess.
1580 3593 1613 3671 5,
1630 3591 1659 3656 2.
1683 3593 1797 3656 ilPetr.
1813 3589 1846 3671 8,
1864 3591 1914 3654 10.
1920 3611 1929 3668 ;
1951 3587 2073 3666 deinde,

404 3705 488 3787 quod
509 3705 619 3768 Paulus
645 3704 660 3768 1
688 3705 793 3768 Thess.
819 3705 850 3784 5,
872 3703 904 3768 8.
928 3702 1049 3792 θώρακα
1070 3705 1208 3786 πίστεως,
1234 3707 1248 3769 1
1277 3705 1383 3770 Thess.
1409 3705 1440 3784 2,
1467 3705 1531 3770 itt:
1554 3705 1645 3796 λόγον
1664 3709 1756 3782 ἀκοῆς
1773 3707 1843 3796 παρ’
1863 3710 1948 3794 ἡμῶν
1969 3703 2076 3779 (aliter

407 3819 591 3884 censendum
619 3827 709 3903 atque
736 3819 825 3882 illud:
854 3819 942 3910 λόγος
969 3839 995 3884 s.
1024 3823 1104 3909 ρ’ἥμα
1131 3817 1233 3899 θεοῦ),
1261 3821 1393 3885 lacobus
1420 3829 1519 3886 antem
1549 3821 1579 3900 1,
1603 3822 1670 3886 bu:
1698 3825 1913 3911 χαλιναγωγῶν
1934 3822 2075 3910 γλῶσσαν

406 3937 500 3998 αὐτοῦ
532 3971 566 3980 -
597 3935 723 3998 ἀπατῶν
750 3923 875 4023 καρδίαν
902 3938 996 3998 αὐτοῦ
1023 3937 1160 4019 scripsit;
1188 3953 1282 4020 porro
1306 3935 1351 4016 id,
1380 3936 1460 4018 quod
1484 3937 1554 4001 Luc.
1578 3937 1616 4016 d,
1639 3935 1692 4002 38.
1720 3955 1739 3999 a
1766 3935 1922 4000 oodioibus
1945 3935 2074 4017 antiquis

406 4049 472 4114 iero
495 4048 632 4114 omnibus
655 4049 825 4114 exhibetur:
853 4047 980 4139 πενθεροὶ
1009 4041 1043 4116 δὲ
1069 4061 1124 4116 ποῶ
1147 4051 1294 4140 Σίμωνος;
1322 4053 1450 4134 denique
1478 4071 1554 4135 quae
1577 4053 1743 4116 Matthaeus
1765 4051 1855 4116 habet
1877 4071 1904 4115 u.
1930 4051 1983 4130 12,
2003 4049 2074 4113 ab:

407 4168 438 4230 ίν
461 4156 647 4248 Βιιλζιβοὺλ
669 4163 789 4252 ἄρχοντι
810 4173 871 4228 τῶν
895 4154 1063 4254 δαιμονίων,
1086 4166 1137 4232 ubi
1159 4169 1186 4232 si
1208 4170 1275 4251 quis
1298 4177 1503 4233 oomeotorem
1525 4186 1621 4254 agens
1644 4168 1756 4232 nomini
1778 4165 1898 4256 ἄρχοντι
1919 4163 2074 4230 artieulom

405 4280 480 4345 velit
510 4279 689 4360 obtrudere,
716 4279 827 4344 viderit
855 4299 894 4344 ne
921 4284 1098 4347 temeritatis
1126 4291 1280 4369 arguatur.
1325 4281 1470 4366 Equidem
1498 4301 1560 4349 non
1587 4283 1690 4346 dubito
1718 4283 1794 4347 haee
1822 4301 1890 4346 eum
1921 4281 1959 4346 ad
1986 4297 2072 4344 nsum

426 4510 429 4518 '
461 4515 489 4585 1)
512 4515 676 4569 Vocabulum
694 4513 796 4578 θάνατος
814 4518 920 4569 οοιιιίιιο
938 4534 971 4569 ex
989 4519 1023 4570 iis
1041 4517 1207 4570 eximendum
1224 4524 1301 4586 puto,
1320 4533 1429 4584 quornm
1446 4525 1545 4570 omaro
1562 4519 1613 4572 hoe
1630 4521 1707 4582 deret,
1725 4525 1755 4570 nt
1772 4518 1829 4569 sina
1848 4517 1958 4570 mtionlo
1976 4517 2076 4585 φοοοιι-

512 4621 561 4668 tur.
598 4614 675 4679 Quod
692 4616 762 4668 ιιιίιιι
778 4631 803 4668 r.
823 4631 846 4668 o.
865 4611 966 4668 tivum
984 4613 1040 4670 tuna
1058 4616 1161 4681 dieitur,
1179 4617 1226 4668 uhi
1244 4633 1304 4668 nos:
1322 4615 1372 4670 den
1391 4616 1449 4668 Tod
1466 4617 1556 4680 sebeon
1573 4617 1601 4668 id
1618 4633 1670 4670 non
1689 4634 1722 4670 ex
1740 4615 1829 4668 indole
1843 4615 1957 4666 nomime
1971 4615 2077 4683 propria

514 4713 637 4778 requitur,
655 4713 702 4765 sed
720 4729 754 4766 ex
769 4715 877 4766 notione
893 4730 984 4782 parum
1002 4716 1085 4780 finita,
1102 4729 1179 4782 quana
1197 4713 1248 4767 hoo
1266 4715 1342 4768 modo
1360 4714 1519 4768 noliensium
1537 4717 1666 4783 exprimit.
1698 4717 1765 4768 Nam
1783 4713 1898 4780 eiusdem
1913 4712 1980 4766 illud
1994 4713 2076 4782 signi·

514 4811 644 4864 fimuonis
663 4819 703 4863 est
721 4827 753 4864 au
772 4812 892 4864 verbnm:
910 4807 1075 4880 ἀποθνήσκειν.
1111 4811 1140 4862 lu
1164 4814 1315 4864 universnm
1338 4813 1461 4876 dixerim,
1484 4814 1592 4865 misniam
1616 4815 1698 4865 inisse
1721 4812 1822 4864 Wineri
1844 4810 2031 4862 liberalitatem
2047 4812 2076 4862 in

513 4909 694 4961 enumerandis
711 4909 870 4974 nominibus,
888 4925 955 4977 quaa
973 4925 1020 4962 sua
1037 4911 1064 4961 ri
1083 4925 1115 4962 ao
1131 4911 1352 4964 dommartinum
1370 4927 1458 4963 narare
1474 4912 1578 4980 possint
1595 4912 1678 4979 (Win.
1697 4913 1720 4974 ξ.
1742 4909 1782 4961 18.
1803 4911 1838 4978 1).
1866 4909 1953 4960 Variis
1970 4907 2075 4976 quidem

513 5007 545 5059 de
564 5007 652 5058 mosis
671 5023 705 5058 ex
722 5007 773 5060 hoe
790 4993 910 5060 numero:
928 5007 1080 5081 μεσημβρία,
1099 5003 1190 5080 ἆγορά,
1209 5003 1297 5079 ιἰγρός,
1315 5009 1464 5078 πρόσωπον,
1483 5003 1623 5079 ὀφθαλμός,
1642 5005 1749 5076 δεῖπνον,
1768 5005 1844 5077 dulps,
1863 5007 1937 5078 μέσον
1955 5007 1990 5060 ai.
2009 5006 2075 5058 mihi

514 5104 632 5157 tollenda
648 5105 776 5159 ridentur.
