4724 5942
1026 335 1270 412 ..13-

306 553 463 624 sumanus
484 553 584 615 autem
605 545 687 628 quod
708 545 739 608 in
766 544 886 618 bornffie
913 545 968 636 40.
990 563 1084 620 iustum¹
1103 546 1187 610 illurn
1212 546 1262 610 uel
1287 545 1412 612 abusum
1437 547 1624 614 Marcionitis
1652 551 1779 630 tribuat,
1807 548 1910 616 dubito
1938 567 1977 614 an

310 679 351 726 ex
372 661 440 744 ipso
464 662 649 730 remum
670 661 701 726 m
723 659 860 726 nemun
882 661 930 724 sn.
977 661 1036 737 on
1062 639 1151 744 quun
1179 662 1210 726 m
1238 662 1324 726 nrum
1351 662 1498 730 invasus
1520 664 1708 732 necionem
1729 665 1818 730 enm
1840 645 1980 749 meusne

307 776 415 846 ricerii
437 779 620 844 mentionem
643 775 783 856 iecisset,
812 783 975 859 propterea
1001 777 1061 841 hoo
1090 776 1200 840 iactum
1228 776 1324 840 uideri
1351 787 1486 862 poterat,
1515 779 1595 863 quod
1623 780 1819 846 Marcionitae
1846 781 1899 845 illo
1929 781 1978 844 osi

309 893 378 958 aiut.
423 893 535 959 Verum
558 893 586 954 si
607 890 658 954 vel
679 889 807 954 mulina
830 889 1066 974 chrysostomus
1087 891 1237 968 retulerit,
1257 910 1334 974 queo
1355 893 1414 958 sibi
1437 896 1561 984 cognita
1582 903 1613 958 et
1636 902 1790 978 comperta
1813 895 1979 974 habuisset,

307 1007 382 1072 nihil
403 1007 474 1072 inde
500 1007 582 1072 aliud
608 1005 742 1088 sequitur
768 1006 827 1070 nisi
849 1006 929 1072 illios
956 1010 1056 1072 eetate
1077 1007 1156 1091 apud
1179 1006 1371 1072 Marcionitas
1398 1009 1448 1072 vel
1468 1009 1712 1076 Marcioniterom
1733 1010 1875 1094 reliquias
1898 1011 1977 1094 bep-

308 1124 427 1188 tismum
450 1141 507 1205 pro
530 1121 656 1188 mortuis
678 1129 834 1204 receptum
856 1121 959 1186 icisse.
1005 1122 1093 1197 Quod
1121 1122 1160 1186 ad
1186 1139 1250 1186 rem
1278 1132 1412 1188 nostram
1440 1124 1510 1207 quid
1531 1125 1641 1206 ¹iaciat,
1668 1125 1791 1190 lliilioile
1814 1133 1861 1190 est
1882 1124 1977 1188 intel·

306 1237 399 1302 lecto.
443 1237 518 1304 Nam
541 1240 568 1304 si
589 1237 786 1304 Marcionitae
804 1237 865 1302 'boc
887 1255 1003 1322 genere
1024 1237 1163 1322 baptismi
1184 1237 1354 1318 utebantur,
1378 1241 1399 1304 ii
1421 1249 1504 1304 certe
1527 1259 1588 1305 non
1611 1249 1707 1321 erant,
1731 1241 1769 1304 ad
1792 1258 1868 1324 quos
1891 1239 1978 1304 Pauli

308 1351 440 1436 apostoli
468 1354 562 1418 verba
588 1351 697 1418 reterri
724 1361 861 1435 possent.
890 1387 923 1400 ·-
951 1353 1012 1418 Sed
1040 1354 1146 1418 tertius
1173 1355 1271 1420 adhuc
1298 1356 1388 1431 nobis
1415 1355 1550 1446 reliquus
1578 1365 1625 1420 est
1651 1356 1851 1440 Epiphanius,
1878 1355 1975 1434 testis,

306 1470 432 1552 opinor,
455 1476 577 1552 praeter
599 1469 676 1535 alios
698 1467 850 1550 locuples!
895 1467 987 1552 Cujus
1010 1477 1120 1552 quanta
1143 1471 1183 1534 sit
1203 1471 1323 1551 levitas,
1346 1477 1467 1554 quanta,
1490 1489 1529 1534 ne
1552 1471 1623 1553 quid
1645 1471 1748 1534 durius
1772 1471 1879 1546 dicam,
1903 1487 1975 1534 cre-

306 1584 415 1652 dulitas
439 1592 470 1648 et
491 1586 522 1650 in
544 1583 730 1668 exploranda
752 1585 880 1648 ueritate
902 1583 1098 1669 negligentia,
1121 1587 1148 1648 si
1169 1586 1289 1652 aliunde
1312 1604 1373 1650 oon
1396 1589 1470 1650 satis
1489 1604 1640 1670 superque
1660 1593 1826 1666 constaret,
1848 1604 1888 1648 cx
1906 1586 1975 1668 ipso

306 1701 359 1766 illo
383 1701 492 1784 capite,
516 1699 597 1782 quod
618 1699 760 1765 haeresin
783 1701 956 1764 vicesimam
978 1708 1115 1764 octavam
1137 1701 1157 1763 i.
1180 1719 1208 1764 e.
1233 1699 1453 1768 Cerinthianam
1476 1710 1598 1779 tractat,
1620 1709 1814 1785 perspectum
1836 1699 1974 1764 haberes.

309 1813 339 1878 ls
359 1816 453 1898 igitur
474 1815 616 1878 traditum
635 1814 717 1893 dicit,
741 1814 862 1878 Paulum
882 1814 936 1878 illo
956 1813 1025 1878 loco
1050 1815 1064 1877 l
1085 1814 1155 1880 Cor.
1174 1816 1225 1896 15,
1241 1815 1293 1880 29.
1315 1814 1373 1880 ho'c
1393 1819 1507 1902 egisse,
1530 1827 1564 1880 ut
1583 1816 1792 1880 Gerintbianos
1812 1816 1850 1880 de
1866 1814 1977 1879 Christi

308 1931 534 1996 resurrectione
557 1929 727 1993 dubitantes
749 1930 933 2013 eosdemque
956 1929 1134 2013 baptismum
1156 1950 1212 2014 pro
1236 1933 1361 1996 mortuis
1384 1933 1585 2014 suscipientes
1605 1933 1824 1996 inconstantiae
1844 1932 1975 1994 convin-

308 2055 402 2114 ceret.
439 2047 522 2112 ldem
543 2064 619 2110 vero
641 2064 732 2128 quum
755 2054 869 2110 sectam
891 2045 1150 2112 Corinthianorum
1171 2055 1270 2112 aetate
1290 2048 1457 2131 apostolica
1477 2066 1533 2131 per
1548 2048 1651 2112 Asiam
1671 2047 1826 2130 propriam
1846 2053 1877 2108 et
1896 2047 1975 2110 inter

306 2161 428 2228 Galatas
450 2169 647 2248 propagatam
670 2159 771 2240 iaciat,
795 2161 905 2226 oblitus
927 2162 1057 2242 videtur,
1080 2179 1142 2226 non
1164 2162 1318 2226 Asiaticos
1341 2164 1390 2228 vel
1412 2163 1532 2228 Galatas
1555 2164 1610 2227 sed
1633 2162 1804 2228 Corinthios
1827 2179 1914 2240 esse,
1937 2161 1975 2226 ad

308 2295 386 2360 quos
408 2277 518 2342 Paulus
545 2276 702 2359 apostolus
729 2276 768 2340 de
793 2259 942 2360 baptismo
969 2274 1041 2365 ὑπὲρ
1068 2285 1129 2340 τῶν
1158 2286 1266 2366 νεκρῶν
1295 2278 1462 2361 scripserit.
1508 2278 1577 2342 Non
1604 2279 1708 2342 attinet
1735 2278 1811 2342 baec
1838 2277 1975 2362 pluribus

307 2411 478 2476 exponere:
502 2393 584 2476 qued
606 2391 724 2472 dicunt,
753 2393 932 2476 baptismum
955 2392 1099 2456 vicarium
1121 2393 1152 2456 in
1175 2393 1320 2472 ccclesia,
1344 2392 1441 2474 quelis
1464 2400 1562 2458 aetate
1585 2392 1792 2476 apostolorum
1814 2393 1884 2473 luit,
1906 2393 1974 2458 usi-

307 2517 401 2591 tatum
423 2527 463 2572 ex
484 2508 618 2572 historiis
640 2507 755 2585 euiobi,
779 2505 810 2570 id
831 2507 945 2572 nullum
968 2515 1024 2572 est.
1070 2507 1112 2571 At
1137 2506 1195 2570 alia
1217 2526 1337 2590 quoque
1360 2507 1425 2572 loci
1447 2508 1562 2572 Paulini
1583 2509 1791 2592 interpretatio
1814 2508 1852 2572 ad
1875 2509 1975 2572 histo-

306 2626 382 2690 riam
405 2631 563 2708 provocat.
610 2622 770 2698 Quonim
792 2620 953 2688 obscurum
976 2621 1049 2686 illud
1071 2622 1202 2705 apostoli
1225 2623 1335 2686 diourm
1362 2642 1402 2688 ex
1424 2623 1647 2706 antiquitatibus
1669 2623 1849 2688 illustratum
1871 2624 1977 2688 volunt

306 2741 381 2818 (cir.
404 2740 523 2804 Wineri
544 2756 669 2824 mamm.
692 2741 723 2811 s.
747 2737 799 2800 51.
823 2738 855 2800 5.
876 2737 932 2816 l),
959 2755 1021 2803 non
1043 2737 1081 2802 de
1103 2739 1218 2802 vicario
1239 2737 1405 2821 baptismo,
1433 2738 1489 2803 sed
1516 2739 1554 2804 de
1585 2757 1623 2802 eo
1651 2740 1803 2824 cogitant,
1833 2757 1921 2820 quem
1943 2738 1974 2802 io

306 2856 457 2940 sepulcris
475 2863 660 2920 mortuorum
678 2853 815 2916 nonnulli
834 2851 990 2916 subierint.
1026 2851 1150 2938 Ergone
1169 2853 1228 2917 hoc
1250 2854 1344 2916 moris
1362 2852 1456 2918 luisse
1471 2855 1552 2918 inter
1567 2853 1747 2918 christianes
1762 2854 1846 2918 Pauli
1859 2872 1975 2936 aequa-

306 2971 375 3038 les?
412 2971 488 3037 Nam
506 2970 592 3034 mitto
610 2987 701 3047 nuno,
724 2967 805 3050 qued
825 2967 876 3032 alii
895 2977 1088 3048 monuerunt,
1107 2969 1341 3051 praepositionis
1357 2966 1428 3056 ὑπέρ
1446 2987 1514 3032 cum
1529 2969 1664 3054 genitivo
1680 2977 1871 3034 constructae
1887 2971 1974 3052 ejus·

306 3087 433 3170 demque
455 3086 492 3150 ad
516 3085 671 3150 notionem
692 3083 755 3146 loci
774 3082 889 3148 relatae
911 3083 1024 3148 nullum
1045 3084 1076 3148 in
1098 3099 1180 3146 novo
1202 3090 1382 3148 testamento
1404 3084 1574 3168 exemplum
1596 3085 1741 3168 reperiri,
1769 3086 1871 3166 mitto,
1897 3087 1973 3148 sen'-

305 3203 429 3276 tentum
450 3201 595 3284 apostoli,
623 3200 650 3264 si
672 3198 731 3264 hec
753 3199 813 3264 sibi
832 3199 922 3280 velit,
950 3199 1040 3283 paulo
1067 3198 1188 3282 longius
1214 3198 1390 3264 arcessitam
1417 3206 1447 3262 et
1468 3216 1526 3282 pro
1553 3207 1733 3285 argumento
1755 3200 1976 3287 languidiorem

306 3317 416 3394 uideri3
439 3317 498 3382 boc
520 3334 611 3380 unum
633 3332 747 3399 urgeo,
770 3331 884 3378 morem
906 3315 1000 3396 illum,
1023 3315 1073 3398 qui
1095 3314 1134 3378 ed
1157 3313 1267 3378 cultum
1291 3321 1467 3394 martyrum,
1490 3315 1585 3398 quelis
1608 3315 1735 3398 postbac
1757 3317 1882 3395 exstitit,
1904 3332 1976 3380 sese

306 3433 502 3517 adjungeret,
530 3431 568 3494 ab
595 3431 669 3513 ipsis
696 3447 798 3494 rerum
825 3429 1053 3494 christianarum
1080 3429 1248 3514 originibus
1275 3429 1404 3494 alienum
1433 3447 1503 3494 esse
1530 3448 1589 3494 nec
1614 3431 1676 3494 ullo
1705 3431 1885 3496 documento
1913 3439 1974 3496 arn

306 3549 500 3634 longinquam
523 3548 588 3630 ejus
611 3553 789 3610 vetustatem
812 3544 1005 3628 comprobari
1025 3563 1129 3628 posse.
1174 3545 1292 3628 ltaque,
1315 3545 1469 3640 historiam
1491 3546 1519 3608 si
1541 3545 1699 3627 consulas,
1723 3547 1796 3612 nihil
1817 3547 1874 3612 bac
1897 3564 1974 3630 sup-

307 3663 470 3746 peditatum
497 3663 607 3743 bebes,
637 3663 719 3745 quod
746 3661 962 3745 praejudicium
988 3659 1088 3728 iaciat.
1132 3660 1198 3724 Nisi
1224 3661 1305 3726 forte
1333 3662 1452 3724 Petrum
1482 3663 1679 3742 auctoritate,
1708 3664 1759 3746 qui
1788 3661 1908 3726 Paulum
1936 3661 1974 3726 de

306 3781 455 3863 baptismo
477 3780 592 3844 vicario
615 3779 699 3862 loqui
719 3784 915 3862 putaverunt,
943 3777 983 3838 ita
1007 3775 1166 3840 devinctus
1188 3794 1241 3856 es,
1268 3787 1301 3842 ut
1327 3777 1403 3841 alias
1424 3778 1456 3840 in
1478 3784 1580 3860 partes
1611 3777 1769 3842 discedere
1791 3795 1855 3860 noo
1875 3777 1974 3842 liceat

467 3895 562 3968 Quem
584 3895 704 3978 quidem
726 3893 846 3958 Petrum
868 3891 1099 3976 explicationem
1123 3909 1184 3956 non
1207 3891 1318 3956 infitior
1340 3911 1381 3956 ex
1403 3891 1503 3956 verbis
1530 3893 1662 3976 apostoli
1689 3893 1830 3958 facillime
1851 3892 1975 3976 prodire

306 4009 459 4091 multoque
481 4011 695 4094 simpliciorem
717 4027 787 4074 osse
810 4009 870 4075 illis
892 4008 1035 4088 artificiis,
1058 4026 1098 4070 ne
1121 4007 1217 4072 dicam
1239 4008 1387 4090 portentis
1410 4009 1711 4090 interpretationum,
1730 4010 1762 4074 in
1785 4009 1891 4093 quibus
1914 4027 1974 4105 ex-

305 4125 476 4208 cogitandis
499 4125 583 4188 multi
605 4143 645 4188 ex
665 4125 887 4192 recentioribus
910 4123 1142 4188 desudaverunt.
1180 4122 1272 4186 lrnmo
1296 4125 1323 4188 si
1345 4123 1438 4187 verba
1460 4123 1527 4188 sole
1546 4123 1711 4208 spectanda
1732 4125 1802 4204 sint,
1826 4123 1975 4187 neminem

306 4247 379 4322 puto
402 4238 470 4304 iore
493 4241 543 4322 qui
565 4240 652 4302 aliter
674 4241 792 4304 sentiat.
837 4237 897 4302 Sed
919 4257 980 4302 non
1002 4239 1222 4322 praejudicatae
1245 4238 1304 4302 boo
1327 4240 1479 4322 opinionis
1502 4247 1560 4319 est,
1585 4239 1722 4304 dubitare
1746 4259 1816 4304 oum
1839 4256 1912 4302 vera
1935 4238 1975 4302 sit

306 4357 534 4439 interpretatio,
565 4373 660 4436 quae,
685 4357 744 4420 etsi
772 4354 869 4420 facilis
897 4361 929 4417 et
956 4353 1075 4417 minime
1102 4361 1256 4434 contorte,
1287 4355 1465 4418 sententiam
1492 4355 1543 4420 vel
1570 4355 1730 4420 absurdam
1757 4353 1806 4418 vel
1822 4371 1852 4432 ¹o
1874 4359 1975 4416 mente

307 4473 441 4536 auctoris
463 4471 591 4536 alienum
613 4470 733 4536 efficiet.
776 4469 872 4534 Etiam
901 4471 934 4534 in
959 4469 1088 4551 profano
1115 4477 1239 4534 auctore
1267 4470 1334 4552 ipsa
1360 4469 1412 4532 lex
1437 4471 1662 4536 hermeneutica
1684 4469 1849 4552 praecipit,
1879 4476 1926 4548 ut,
1949 4469 1977 4532 si

306 4585 387 4650 lorte
409 4585 520 4669 ¹aliquid
541 4586 704 4652 absurdum
726 4593 777 4652 eut
799 4586 856 4650 sibi
879 4584 1061 4652 contrarium
1085 4583 1198 4648 dixisse
1220 4584 1367 4665 videatur,
1391 4602 1452 4650 non
1472 4593 1587 4648 temere
1606 4583 1811 4668 amplectaris;
1834 4585 1976 4650 insuere

307 4708 406 4764 autem
429 4705 580 4785 scriptore
603 4702 782 4786 explicando
806 4703 855 4783 qoi
878 4720 944 4764 eam
967 4701 1039 4764 dicit
1062 4717 1132 4763 esso
1155 4699 1322 4764 libertatem
1340 4701 1462 4784 iudicii,
1485 4709 1518 4764 ut
1539 4700 1613 4764 nibil
1635 4701 1724 4783 pensi
1746 4699 1855 4764 habeat
1877 4700 1975 4764 inter-

306 4834 391 4902 pres,
414 4824 513 4880 utrum
535 4836 608 4882 vera
630 4837 669 4880 an
691 4816 766 4880 lalsa
789 4816 899 4894 eliciet,
922 4817 948 4878 is
971 4815 1041 4898 quid
1064 4814 1144 4878 dicat
1166 4815 1231 4896 ipse
1253 4815 1355 4879 videat
1374 4825 1404 4880 et
1423 4816 1562 4880 libertate
1583 4835 1638 4881 sua
1660 4815 1785 4880 fruatur.
1824 4816 1974 4890 Quorsum

307 4933 382 4998 heco
406 4933 548 5018 disputo?
592 4933 661 4998 Non
683 4941 716 4998 ut
737 4932 773 4996 iis
796 4930 976 5014 adstipuler‚
1004 4931 1108 5012 quiin
1131 4930 1207 4994 locis
1231 4930 1447 5000 difficilioribus
1470 4933 1543 4995 satis
1573 4932 1698 5010 habent,
1726 4933 1753 4996 si
1776 4931 1974 5016 qualicunque

307 5049 406 5132 aliqua
429 5049 676 5134 interpretatione
698 5055 915 5130 extorqueant,
946 5045 1026 5130 qued
1056 5046 1189 5130 speciem
1219 5045 1366 5128 quandum
1396 5047 1462 5110 veri
1487 5065 1560 5130 prae
1591 5065 1626 5112 se
1653 5045 1735 5112 icrrc
1764 5049 1877 5130 possit;
1905 5065 1974 5110 narn
