4724 5942
1127 403 1371 481 -16-

412 633 495 679 rum:
518 615 549 680 τί
570 613 739 688 ποιήσουσιν
762 619 789 678 ot
811 605 1033 702 βαπτιζόμνοι,
1056 623 1089 679 ut
1111 613 1240 680 reddere
1262 617 1376 698 possis:
1401 616 1471 699 qaid
1490 615 1533 681 illi
1553 617 1612 682 sibi
1630 616 1757 683 volunt?
1802 618 1986 700 Quamquam
2006 606 2080 680 nibil

412 730 501 796 nohis
525 729 632 810 officit,
663 731 691 794 si
718 749 786 795 eum
809 729 1121 813 aliis'interpreteris:
1150 730 1220 813 qnid
1246 730 1324 796 lucri
1345 731 1498 797 habehant
1524 750 1549 796 s.
1573 733 1644 816 quid
1666 734 1891 816 adaequemur?
1936 732 1997 797 Sed
2018 751 2078 796 ve·

412 865 503 926 reor,
525 855 557 910 ut
579 847 654 910 haec
677 846 857 930 significatio
882 845 968 908 verbi
989 853 1082 908 ποιεῖν
1106 845 1144 908 ad
1166 863 1251 910 usum
1278 848 1350 910 novi
1377 849 1547 912 testamenti
1575 850 1739 931 pertineat,
1768 856 1799 911 et
1827 847 1954 911 maxime
1981 862 2078 927 quae·

411 962 539 1026 rendum
561 971 646 1045 puto,
670 962 741 1044 quid
763 961 822 1025 hoo
844 961 969 1025 verbnm
991 961 1028 1024 iis
1048 963 1079 1024 in
1099 961 1186 1040 locis,
1210 961 1260 1024 nbi
1280 962 1384 1026 eadem
1405 965 1598 1047 rationeque
1617 965 1648 1027 in
1668 972 1785 1044 nostro,
1807 962 2077 1047 interrogationem

412 1077 564 1159 exprimit,
588 1077 659 1159 quid
680 1079 773 1162 igitur
794 1079 825 1141 in
847 1075 983 1141 forruulis
1006 1077 1086 1140 istis:
1108 1077 1139 1141 πί
1161 1083 1249 1156 ποιῶ;
1271 1077 1303 1140 τί
1323 1085 1464 1166 ποιοῦμεν
1486 1079 1536 1142 r'el
1554 1075 1729 1166 ποιήσομενς
1752 1087 1783 1142 et
1803 1077 1948 1142 similibus
1968 1075 2077 1140 valeat.

412 1191 456 1255 lbi
478 1192 608 1274 quidem,
631 1194 688 1256 nisi
710 1191 815 1273 fallor,
838 1192 1013 1256 altemtrum
1036 1190 1172 1269 obvenit,
1196 1199 1228 1255 ut
1250 1191 1392 1256 formula:
1418 1193 1448 1256 τί
1470 1203 1559 1274 ποιῶς
1587 1202 1638 1257 aut
1660 1193 1836 1276 simpliciter
1857 1193 1910 1256 sit:
1933 1191 2004 1275 quid
2026 1191 2077 1255 fa·

413 1309 485 1372 oio?
509 1307 579 1391 quid
602 1309 684 1392 ago?
706 1310 726 1371 i.
750 1327 777 1372 e.
801 1307 871 1390 quid
895 1307 1044 1393 agendum
1066 1307 1185 1370 habeo?
1208 1307 1282 1381 (cfr.
1305 1307 1353 1372 lo.
1379 1307 1430 1387 ll,
1453 1309 1520 1372 dfe
1547 1309 1579 1372 ct
1600 1317 1753 1398 noaoupsv3
1781 1325 1853 1372 nos:
1877 1327 1942 1372 was
1964 1307 2075 1392 fangea

412 1425 471 1488 wir
492 1426 582 1502 anf),
605 1430 655 1486 aut
677 1423 749 1486 illud
773 1423 865 1488 dicat:
890 1423 959 1507 quid
978 1423 1036 1486 hoc
1056 1421 1113 1484 sibi
1132 1422 1196 1485 vult
1215 1421 1296 1504 quod
1315 1422 1417 1487 facio?
1440 1423 1513 1499 (cfr.
1529 1423 1621 1488 hlarc.
1640 1424 1692 1503 11,
1708 1424 1753 1486 5.ι
1775 1423 1806 1486 ci
1824 1433 1936 1487 ποιοῖτο
1955 1421 2078 1494 λύοντες

412 1537 466 1602 τὸν
488 1542 603 1618 πῶλον;
626 1541 694 1603 hcc.
720 1539 774 1618 21,
799 1537 854 1602 13:
876 1538 907 1602 rt
929 1547 1040 1600 ποιεῖτε
1062 1537 1270 1616 κλαίοντες;).“
1301 1538 1367 1602 lam
1390 1548 1525 1604 nostrum
1548 1542 1578 1604 in
1606 1541 1706 1604 locum
1728 1547 1854 1620 utraque
1877 1538 1952 1602 haee
1975 1537 2075 1622 signi·

409 1653 513 1719 ficatio
536 1655 647 1718 cadere
670 1655 781 1738 possit,
809 1655 849 1718 ita
873 1652 990 1735 quidem
1013 1659 1056 1731 ut,
1079 1651 1203 1716 altemm
1225 1655 1252 1716 si
1274 1653 1481 1736 amplectaris,
1510 1655 1666 1737 apostolus
1693 1655 1786 1718 dicat:
1816 1653 1885 1736 quid
1914 1661 2006 1738 agent
2032 1649 2076 1716 illi

412 1787 437 1832 s.
462 1770 614 1852 quomodo
636 1771 673 1833 iis
697 1769 865 1832 consultum
889 1769 969 1832 orit?
992 1769 1018 1831 si
1034 1767 1171 1830 alteram:
1195 1769 1264 1849 quid
1275 1769 1470 1852 judicandum
1486 1772 1544 1834 erit
1563 1769 1601 1833 de
1618 1769 1678 1834 illia
1698 1772 1717 1834 i.
1734 1789 1761 1834 e.
1784 1771 1854 1853 quid
1873 1771 1931 1834 sibi
1950 1767 2075 1832 volunt?

410 1883 475 1949 Etsi
497 1903 559 1949 non
581 1886 621 1948 ita
643 1885 745 1970 magni
767 1883 947 1947 discriminis
969 1893 1127 1965 utrumque
1150 1884 1198 1961 sit,
1221 1883 1280 1948 hoo
1302 1891 1401 1949 tamen
1425 1886 1549 1950 alterum
1571 1885 1724 1969 praefero,
1748 1887 1973 1969 quincunce,
1995 1881 2075 1966 quod

410 2001 549 2084 proxime
569 2000 717 2092 sequitur:
739 1999 770 2061 τί
789 1999 840 2062 acti
858 2002 942 2084 ipsit
961 1987 1166 2084 κινδυνεύομεν
1184 2005 1282 2062 πᾶσαν
1303 1999 1394 2087 tipum
1419 2003 1456 2075 (i.
1472 2019 1499 2064 e.
1521 2001 1590 2083 quid
1606 2001 1663 2065 sibi
1677 2002 1751 2080 vult,
1774 2001 1854 2084 quoti
1869 2020 1926 2065 uos
1941 1999 2075 2084 quotidie

410 2117 539 2180 maxima
561 2114 697 2199 pericula
720 2115 894 2189 subimusf)
918 2115 1029 2196 optime
1052 2115 1203 2178 convenit.
1240 2113 1353 2178 Eadem
1375 2117 1406 2180 in
1429 2117 1475 2180 his
1497 2117 1599 2180 verhi's
1622 2117 1808 2200 explicandis
1830 2115 1979 2180 ifillrothii
2000 2131 2077 2179 sen-

409 2231 503 2295 tentia
524 2231 619 2294 fuisse
641 2231 771 2310 videtur,
794 2248 884 2312 quum
906 2246 962 2313 per
983 2229 1180 2312 paraphrasin
1202 2231 1465 2320 interpretaretur:
1489 2233 1559 2315 quid
1583 2249 1638 2297 eos
1659 2232 1762 2296 facere
1783 2230 1938 2316 adparebit
1958 2249 1983 2294 s.
2005 2229 2076 2313 quid

409 2347 430 2410 ii
453 2345 556 2410 facere
578 2347 789 2410 inveniemur?
817 2347 847 2408 in
871 2361 947 2427 quo,
975 2346 1033 2408 etsi
1055 2344 1273 2409 Olshausenius
1295 2347 1383 2410 aliter
1405 2349 1529 2428 sentiat,
1557 2348 1630 2412 nibil
1653 2365 1723 2412 esse
1745 2349 1850 2426 rideo,
1873 2319 1954 2430 quod
1975 2347 2075 2410 iuter·

409 2471 528 2546 pretam
550 2481 681 2546 grosono
704 2462 842 2525 dictionis
865 2459 943 2524 haud
965 2461 1102 2545 ignomin
1126 2461 1282 2525 offendere
1304 2463 1410 2545 possit.
1455 2461 1560 2546 Neque
1582 2463 1661 2527 enim
1684 2463 1809 2528 Graecis
1831 2461 2005 2546 infrequens
2027 2469 2075 2526 est

406 2579 460 2642 hio
481 2579 626 2661 temporis
649 2575 741 2640 futuri
762 2594 852 2656 usus,
882 2591 941 2658 quo
964 2575 1012 2656 fit,
1041 2583 1073 2639 ut
1095 2595 1158 2640 rem
1181 2577 1310 2660 aliquam
1333 2577 1471 2656 denotet,
1499 2579 1595 2661 ipsam
1619 2579 1737 2662 quidem
1764 2578 1991 2658 confutarem,
2019 2576 2075 2641 sed

411 2711 488 2777 quae
506 2693 670 2777 judicanda
692 2700 879 2776 proponatur
901 2699 932 2754 et
954 2693 999 2755 sic
1022 2699 1156 2775 spectata
1180 2693 1265 2775 quasi
1286 2691 1404 2756 futurae
1433 2693 1615 2778 cognitionis
1637 2695 1677 2757 sit
1699 2694 1771 2770 (cfr.
1798 2695 1932 2779 ilrdger,
1959 2692 2076 2779 griech.

411 2807 613 2892 Sprachlehre
634 2813 665 2882 §-
690 2806 742 2870 53.
768 2811 796 2870 7.
822 2807 849 2870 1.
873 2806 1038 2887 Nonnulla,
1061 2825 1139 2891 quae
1161 2808 1219 2872 buc
1241 2809 1425 2892 pertineant,
1458 2810 1547 2873 etiam
1568 2809 1745 2892 Bernhardy
1768 2809 1853 2891 Synt.
1874 2829 1904 2892 p.
1929 2807 1994 2874 378
2016 2827 2076 2873 ex·

409 2923 519 3001 hibet).
564 2924 680 3006 Aque
708 2941 765 2988 usu
793 2922 895 2986 futuri
922 2941 1033 2986 novum
1060 2941 1178 3006 quoque
1205 2931 1413 2992 testamentum
1440 2943 1502 2988 non
1529 2924 1694 2990 abhorrere
1716 2943 1756 2988 ex
1777 2924 1854 2988 locis
1875 2923 1941 2988 lac.
1967 2925 1996 3004 l,
2020 2925 2072 2989 25.

410 3033 515 3116 (οὗτος
536 3037 677 3128 μακάριος
700 3040 731 3102 ἐν
752 3047 796 3123 τῇ
815 3037 930 3110 ποιήσει
952 3039 1045 3101 αὐτοῦ
1068 3036 1184 3119 ἔσται),
1207 3039 1308 3104 matth.
1334 3043 1365 3121 7,
1389 3039 1440 3104 et.
1465 3041 1517 3104 26.
1541 3040 1708 3126 (ὁμοιώσω,
1731 3037 1964 3128 ὁμοιωθήσεται)
1987 3047 2019 3103 et
2040 3039 2072 3104 itl

405 3167 509 3241 ‘geom
532 3154 600 3218 aliis
622 3161 715 3236 patet.

569 3268 652 3332 llaec
675 3269 775 3350 habui,
799 3287 876 3353 quae
898 3267 1026 3334 deloco
1045 3271 1240 3334 vexatissimo
1261 3269 1404 3350 dicerem,
1428 3271 1513 3354 cujus
1532 3287 1605 3334 rara
1625 3271 1834 3354 interpretatio
1855 3269 1925 3334 mihi
1943 3289 1984 3334 ex
2001 3269 2074 3352 plu·

410 3385 466 3448 rali
489 3383 645 3449 indefinito
668 3385 797 3468 petenda
820 3385 949 3450 videtur.

568 3503 599 3572 §-
622 3497 670 3562 Ν.
708 3499 885 3585 Adjuagere
907 3500 953 3563 his
975 3499 1059 3579 libet,
1083 3501 1162 3582 quod
1186 3501 1225 3563 de
1247 3519 1303 3564 usu
1327 3500 1455 3582 quodam
1478 3501 1665 3587 elegantiore
1688 3501 1832 3584 temporis
1851 3499 2020 3583 praesentis
2043 3499 2074 3562 in

409 3615 500 3679 modo
522 3615 685 3678 indicativo
708 3615 928 3678 observandum
950 3616 1042 3678 venit.
1087 3613 1251 3680 Commune
1278 3616 1397 3699 quidem
1427 3619 1556 3681 omniurn
1584 3615 1650 3680 fere
1671 3617 1856 3700 linguarum,
1882 3632 1945 3680 nou
1966 3615 2073 3700 graeci

409 3731 558 3796 sermonis
581 3731 736 3813 proprium
759 3737 821 3809 est,
847 3731 1000 3812 praesenti
1023 3739 1160 3814 tempore
1181 3733 1222 3795 ita
1245 3733 1298 3809 uti,
1321 3739 1353 3795 ut
1376 3732 1405 3795 id
1429 3733 1589 3812 denotans,
1617 3731 1697 3814 quod
1719 3749 1790 3794 esse
1812 3729 1901 3794 debet
1923 3729 1972 3792 vel
1995 3729 2075 3794 solet

407 3855 572 3929 rectaeque
594 3846 704 3908 rationi
725 3847 881 3925 convenit,
911 3853 1045 3909 naturam
1074 3848 1158 3930 quasi
1184 3849 1353 3930 imperativi
1381 3865 1591 3930 nonnunquam
1618 3846 1733 3910 induat:
1763 3843 1906 3927 frequens
1934 3845 2013 3910 idem
2040 3847 2072 3910 in

407 3981 490 4026 novo
521 3970 717 4040 testamento,
748 3962 908 4044 quinimmo
935 3961 1122 4044 frequentius
1145 3963 1271 4026 dixerim
1294 3981 1381 4046 quam
1409 3962 1647 4026 animadversum
1670 3962 1708 4025 ab
1731 3961 1947 4044 interpretibus
1970 3962 2070 4025 video.

407 4077 535 4141 Primum
558 4077 645 4141 nobis
668 4075 836 4160 exemplum
860 4078 899 4140 sit
920 4075 1012 4140 Marc.
1040 4076 1091 4156 10,
1115 4075 1185 4157 dih,
1209 4077 1259 4141 ubi
1281 4086 1375 4142 testes
1397 4077 1645 4162 praestantissimi
1669 4075 1822 4140 exhibent:
1847 4079 1904 4165 οὐχ
1923 4077 2016 4151 οὕτως
2037 4066 2072 4140 hl

409 4197 488 4259 ἐστιν
512 4196 543 4258 ἐν
566 4196 643 4279 ὑμῖν.
682 4191 786 4256 Altera
808 4193 898 4286 lectio
921 4199 981 4272 est,
1005 4191 1103 4272 ἔσται,
1127 4211 1213 4276 quam
1236 4193 1418 4258 Fritcschius
1441 4202 1473 4257 ut
1495 4195 1583 4258 unice
1606 4211 1708 4256 veram
1730 4191 1862 4256 defendit
1884 4191 1930 4254 his
1953 4191 2070 4254 verbio:

412 4309 511 4374 »ἐστίν
533 4307 562 4370 h.
585 4308 605 4372 l.
634 4308 850 4390 ineptissimum
878 4325 947 4371 esse
977 4309 1088 4390 quivis,
1118 4311 1167 4373 cui
1196 4309 1368 4394 intelligens
1393 4309 1539 4393 iudicium
1569 4311 1623 4390 sit,
1653 4308 1851 4374 confitebitur.
1896 4307 1971 4371 Nam
1999 4305 2072 4370 dioit

408 4425 499 4490 lesus
527 4425 565 4488 de
595 4443 650 4501 eo,
682 4423 786 4506 quales
813 4441 847 4486 se
875 4422 1002 4486 debeant
1029 4426 1178 4508 praehere
1204 4424 1350 4508 apostoli,
1382 4441 1443 4489 non
1471 4423 1576 4506 quales
1603 4443 1638 4488 se
1664 4443 1739 4489 vere
1764 4423 1929 4508 praebeant
1954 4456 1988 4468 —
2020 4455 2070 4484 -.

410 4541 510 4616 Quare
538 4537 615 4604 ἔστω
639 4547 670 4603 at
692 4537 776 4603 ἔσται
802 4541 899 4623 potuit
926 4541 1035 4620 scribi,
1065 4541 1144 4604 terta
1173 4559 1235 4606 non
1261 4542 1367 4625 potnit.
1412 4539 1611 4604 Nihilominus
1633 4541 1707 4604 Dav.
1732 4538 1905 4617 Schnlzius,
1936 4555 1994 4620 qua
2023 4543 2072 4600 est

409 4655 680 4734 inconsiderantia,
710 4655 834 4720 lectioni
860 4655 939 4719 tecla
962 4675 1062 4719 suum:
1094 4665 1179 4720 recte
1207 4657 1388 4740 adspersus
1435 4657 1519 4731 Quae
1546 4675 1721 4738 quamquam
1747 4653 1866 4719 fortiter
1888 4653 1967 4718 diota
1989 4661 2071 4734 sunt,

407 4789 579 4858 perpaucos
602 4788 672 4835 esse
693 4777 783 4854 puto,
806 4772 856 4854 qui
883 4769 974 4836 hodie
1002 4780 1182 4838 cunctentur
1209 4772 1351 4838 schulzio
1374 4771 1521 4836 calculum
1544 4771 1678 4856 adjicere
1698 4771 1728 4834 in
1750 4769 1905 4854 probanda
1924 4769 2071 4836 lectione:

408 4889 502 4967 toria,
530 4905 617 4970 quam
646 4887 776 4968 optimae
803 4894 893 4950 notae
920 4887 1044 4952 codices
1071 4905 1262 4970 summaeque
1289 4889 1474 4954 auctoritatis
1496 4889 1655 4953 versiones
1676 4893 1811 4965 tuentur,
1839 4903 1926 4967 quam
1953 4886 2071 4950 interna

408 5011 585 5091 argumenta
605 5002 733 5087 egregie
752 5002 976 5084 commendant,
999 5021 1086 5086 qoam
1107 5001 1328 5083 Lachmannus,
1353 5001 1613 5082 fischendorfius,
1634 5001 1823 5066 recentiores
1842 5001 1939 5064 critici
1958 5007 2071 5065 tantum

409 5139 471 5185 non
495 5135 599 5184 omnes
622 5115 752 5200 amplexi
773 5126 852 5182 sunt.
901 5117 977 5182 llam
1004 5117 1084 5202 qaod
1110 5117 1294 5184 fritzsohius
1322 5119 1408 5200 dicit,
1438 5120 1517 5184 ἐστίν
1544 5117 1636 5183 scribi
1665 5135 1726 5182 nort
1754 5115 1907 5201 potuisse,
1936 5117 1966 5180 id
1996 5133 2071 5180 vero
