4724 5942
394 1247 708 1358 QUATSTIONES
736 1249 794 1342 ET
823 1245 1203 1343 osssnttntlonns
1231 1245 1299 1340 lo
1327 1244 1650 1342 Pultotoetln
1679 1243 1869 1340 stettin

736 1405 851 1500 novt
880 1403 1171 1498 TESTAMENTI
1200 1402 1524 1497 PERTINENTES.

459 1692 579 1834 Quum
598 1733 731 1800 muneris
752 1733 823 1800 mibi
844 1731 1015 1800 temerino
1034 1731 1191 1817 potissime
1209 1749 1282 1816 pars
1302 1732 1334 1796 in
1355 1749 1396 1796 eo
1417 1739 1571 1813 versetur,
1593 1737 1627 1796 ut
1647 1731 1740 1798 libros
1761 1749 1869 1798 sauros
1890 1711 1965 1800 novi

295 1850 469 1916 tmumeuti
490 1865 644 1929 enarrem,
672 1847 774 1914 oblata
795 1847 852 1912 bae
874 1847 1115 1932 opportunitate,
1141 1863 1228 1928 quam
1250 1845 1443 1910 laetissimam
1465 1846 1533 1910 (lies
1554 1845 1648 1931 llegis
1669 1845 1883 1932 Augustisriuri
1903 1863 1964 1912 na-

295 1965 409 2032 talitius
431 1963 604 2048 suppeditat
622 1965 673 2048 pie
692 1961 903 2042 celebrandus,
926 1961 1080 2026 manniam
1100 1959 1321 2026 dismrubonis
1340 1979 1381 2026 ex
1399 1959 1453 2026 illo
1473 1961 1640 2026 studiorum
1657 1979 1774 2046 genere
1792 1961 1964 2047 eligendam

297 2081 475 2146 existimavi.
520 2077 567 2142 lle
593 2095 654 2160 pao
680 2078 709 2142 b.
737 2077 896 2144 Wiuerum
923 2077 1036 2161 optime
1062 2083 1184 2162 praeter
1210 2076 1288 2142 alios
1314 2077 1452 2140 meritum
1478 2093 1550 2140 esee
1576 2092 1665 2140 uerno
1694 2084 1743 2142 est
1764 2077 1816 2160 qni
1837 2077 1963 2142 nasein

296 2193 365 2260 oui
386 2195 466 2258 enirn
487 2194 579 2260 multa
601 2193 673 2274 sint,
695 2211 773 2276 puae
794 2193 834 2258 ed
854 2211 957 2262 sanam
977 2191 1094 2258 oodioie
1114 2193 1194 2256 sauri
1213 2191 1491 2274 interpretationem
1509 2189 1633 2271 iaoiuut,
1655 2191 1754 2274 ipsum
1773 2199 1874 2258 tanen
1893 2191 1966 2258 iuu-

295 2310 479 2390 nmmum,
501 2327 561 2392 quo
581 2316 644 2374 totu
663 2309 778 2388 nititur,
801 2309 1018 2374 lunationibus
1036 2307 1239 2392 grammtiois
1257 2307 1387 2390 positum
1407 2312 1464 2370 est
1501 2305 1586 2380 orsae
1603 2313 1789 2389 quantopere
1803 2307 1965 2392 neglectae

295 2433 368 2492 ante
380 2424 545 2506 ,wiseram
563 2432 595 2490 et
614 2424 792 2521 obliteratae
812 2423 935 2504 luerim,
957 2425 1096 2490 seruenti
1114 2421 1328 2506 theologorum
1346 2421 1552 2486 eommontarii
1571 2421 1754 2488 doonmeuto
1769 2429 1851 2501 snnt;
1873 2439 1964 2504 quen

295 2543 374 2607 snite
396 2539 621 2623 inprudenter
642 2557 699 2624 per
721 2539 800 2604 buno
822 2539 993 2620 montane,
1020 2541 1100 2606 inter
1127 2555 1232 2604 omnes
1260 2543 1386 2604 sonent
1413 2535 1520 2626 ‘Quod
1547 2537 1669 2618 quidem
1694 2538 1824 2602 nonita
1850 2535 1964 2602 dietum

297 2657 386 2737 volo,
408 2664 442 2721 ut
462 2657 643 2738 interpretes
669 2655 823 2720 literanum
845 2671 1001 2720 sacrarum
1023 2655 1183 2738 peritiores
1205 2651 1333 2716 untabm
1354 2651 1507 2716 exstitisse
1529 2669 1653 2737 negem3
1676 2671 1762 2731 nam,
1784 2659 1817 2718 ut
1838 2658 1964 2730 ursam,

296 2770 370 2854 quii
392 2787 506 2854 operae
528 2768 660 2834 Ernestii
682 2771 897 2853 praestiterint,
920 2769 970 2836 ael
991 2771 1071 2834 intur
1092 2769 1300 2846 decubuimus,
1324 2783 1400 2850 quor
1422 2773 1526 2832 nostra
1548 2767 1652 2852 genuit
1673 2775 1775 2846 aetus,
1798 2767 1851 2830 vix
1871 2782 1964 2833 unum

296 2895 329 2951 et
351 2885 479 2951 alterum
501 2901 570 2950 esse
592 2891 677 2967 puto,
701 2885 752 2967 qui
772 2883 821 2950 lo.
843 2884 913 2950 Alb.
935 2883 1094 2969 Bengelio,
1115 2883 1313 2965 inelytiseimo
1336 2880 1379 2944 illi
1401 2881 1569 2964 superioris
1590 2882 1687 2948 seouli
1706 2880 1853 2966 theologo
1873 2896 1964 2946 oom-

296 3001 402 3085 pnrari
422 3001 534 3085 possit:
558 3017 677 3079 verum,
699 3001 726 3064 si
749 3001 800 3082 pri
821 2998 901 3064 forle
922 3001 954 3064 in
977 2998 1139 3064 tractando.
1156 3015 1239 3064 noro
1260 3004 1439 3062 tesnmmto
1460 2998 1543 3078 riae,
1566 3017 1655 3080 quem
1677 2996 1841 3081 philologia
1864 2994 1963 3076 sunit,

295 3116 422 3182 muner
443 3124 515 3182 tune
536 3113 729 3194 insistebant,
755 3114 877 3180 assium
898 3114 1016 3180 soilioot
1037 3121 1194 3178 motorum
1215 3119 1352 3178 veterum
1373 3111 1520 3192 lectione,
1544 3131 1607 3179 uon
1628 3112 1740 3178 sobolis
1761 3107 1965 3196 grommau'oit

295 3231 438 3298 muel
457 3231 497 3296 srl
518 3249 584 3296 rem
604 3229 771 3316 gerendum
792 3238 996 3298 recesserant.
1040 3228 1120 3304 Quid
1142 3228 1254 3294 mulla?
1297 3227 1416 3292 Wineri
1438 3246 1475 3292 ea
1497 3227 1563 3292 laus
1585 3235 1648 3308 est,
1675 3225 1757 3312 quod
1777 3224 1965 3290 institutione

296 3348 508 3427 maturina,
529 3363 607 3428 quae
630 3363 697 3410 oum
720 3353 799 3410 stetu
821 3345 974 3410 literarum
996 3344 1151 3428 praesenti
1171 3349 1369 3429 congrueret,
1391 3342 1470 3408 bano
1491 3343 1570 3408 aiam
1591 3343 1726 3406 munivit
1769 3339 1852 3404 lien
1874 3356 1965 3422 quun

298 3479 450 3546 uunqurm
472 3479 534 3526 non
556 3461 637 3526 omni
658 3461 759 3526 studio
781 3459 980 3540 adniteretur,
1007 3467 1040 3524 ut
1065 3458 1173 3524 librum
1199 3477 1286 3524 suum
1313 3457 1411 3522 indies
1432 3455 1668 3522 emendatiorem
1690 3454 1965 3540 perlentiorempua

298 3578 451 3657 moleret,
473 3577 551 3642 baud
569 3579 720 3663 ingratum
740 3576 769 3640 ei
785 3573 932 3640 lemurum
946 3573 1125 3654 arbitrabar,
1148 3574 1261 3657 siquis
1281 3573 1417 3650 offerret,
1439 3589 1517 3656 quae
1538 3573 1576 3638 ‹le
1595 3571 1754 3638 idiotismis
1773 3570 1845 3634 noui
1865 3576 1964 3634 testa·
2010 3637 2012 3644 k

298 3694 391 3758 menti
412 3695 479 3776 ipse
501 3691 662 3758 observata
685 3691 847 3756 habuisset
885 3691 986 3765 Quare
1007 3689 1186 3773 aliquumdiu
1206 3689 1238 3752 in
1256 3687 1395 3772 legendis
1413 3686 1510 3752 literis
1529 3688 1626 3752 saeris
1640 3687 1759 3752 Wiueri
1778 3685 1964 3756 instintione

300 3809 344 3874 ita
365 3827 438 3874 usus
460 3827 541 3889 eum,
569 3817 603 3874 ut
630 3807 763 3892 quolibet
789 3805 859 3870 loeo
887 3805 957 3888 quid
984 3805 1034 3870 uel
1059 3805 1229 3870 addendum
1251 3801 1301 3866 rel
1328 3802 1542 3892 corrigendum
1564 3821 1589 3866 s.
1611 3801 1780 3866 aeeurutius
1802 3799 1965 3866 finiendum

303 3923 469 4004 rideretur,
492 3924 592 3988 obiter
618 3923 898 3988 animadverterem.
942 3919 1019 3986 Dum
1046 3919 1105 3984 boe
1131 3921 1231 3984 enimo
1258 3917 1424 4002 ιςίιιιιιιιι,
1451 3915 1529 3980 eben
1554 3919 1615 3982 vita
1643 3917 1777 3982 ereessit
1801 3914 1965 4000 theologus

302 4038 528 4105 eeleberrimus.
571 4039 679 4122 Neque
701 4036 811 4102 aeoliit
833 4037 945 4116 solum,
966 4044 1000 4102 ut
1021 4036 1079 4102 bae
1100 4041 1198 4100 morte
1219 4033 1373 4116 inopinata
1396 4031 1426 4096 itl
1440 4032 1528 4114 'quod
1551 4033 1679 4096 maxime
1701 4031 1871 4109 volueram,
1893 4029 1966 4094 mibi

300 4156 541 4240 praeriperetur5
563 4153 622 4218 alin
644 4154 769 4236 insuper
790 4169 881 4218 eausa
903 4151 1065 4232 suadebat,
1091 4157 1125 4214 ut
1150 4149 1189 4214 ale
1210 4148 1369 4230 proposito
1391 4147 1579 4213 desisterem.
1622 4145 1763 4230 luepeoto
1785 4146 1862 4210 enim
1885 4144 1964 4210 libro

298 4272 512 4358 grammatico,
539 4287 627 4353 quem
650 4268 699 4334 Al.
722 4267 916 4334 llnttmaunus
939 4285 1036 4350 nuper
1057 4265 1166 4345 edidit,
1194 4264 1453 4348 praestantissimo
1480 4281 1570 4346 quum
1597 4279 1674 4344 quae
1696 4262 1762 4346 ipse
1783 4267 1965 4326 naotnturus

300 4405 395 4466 eram,
416 4385 510 4450 multo
532 4384 639 4449 melius
662 4391 693 4447 et
714 4383 837 4447 uberius
856 4383 893 4446 ab
913 4382 973 4448 elio
992 4389 1118 4446 tractate
1138 4379 1344 4444 lubentissime
1363 4377 1509 4457 viderem,
1527 4378 1589 4460 jam
1608 4395 1683 4441 sene
1702 4375 1868 4459 periculum
1888 4381 1966 4456 erat,

301 4523 341 4568 ne
363 4501 550 4566 oolleetanen
571 4517 639 4563 mea
661 4495 822 4582 proferens
843 4505 910 4562 aeta
933 4515 1056 4581 agerem
1079 4503 1131 4561 ant
1152 4495 1287 4558 errimens
1310 4511 1386 4576 quoe
1408 4509 1596 4576 supervaeou
1618 4497 1731 4571 omont,
1754 4507 1868 4574 operne
1889 4507 1966 4573 pre-

303 4617 376 4682 tium
397 4634 459 4681 uon
480 4593 630 4679 ineerems
661 4613 808 4688 Quoniam
830 4629 906 4675 vero
927 4613 958 4675 in
981 4611 1027 4676 his
1050 4610 1156 4674 studiis
1179 4610 1228 4674 rel
1250 4609 1409 4673 minutiora
1428 4607 1466 4670 ad
1485 4623 1550 4669 rem
1569 4623 1711 4670 suminam
1730 4605 1866 4672 nonnihil
1885 4623 1965 4672 eou-

304 4731 384 4796 ierre
405 4739 534 4817 possunt
560 4747 660 4813 neque
686 4729 728 4793 ita
755 4747 884 4810 unquam
910 4728 976 4792 sive
1002 4727 1033 4790 in
1055 4724 1241 4810 exploranda
1269 4723 1386 4788 sivein
1409 4719 1598 4805 dijudicanda
1620 4720 1750 4786 diutione
1772 4721 1845 4785 novi
1867 4729 1965 4786 nsta-

302 4849 394 4913 menti
416 4847 561 4942 ernnusto
584 4853 655 4910 sunt
676 4844 791 4924 omnia,
819 4849 852 4907 ut
874 4843 947 4907 nihil
969 4841 1038 4906 addi
1060 4841 1169 4927 possit,
1191 4841 1310 4904 veniam
1332 4857 1380 4902 me
1402 4837 1626 4920 impetraturum
1647 4853 1755 4919 spero,
1777 4838 1804 4901 si
1826 4855 1866 4901 ex
1887 4855 1965 4920 qua-

301 4964 502 5049 libuscunque
530 4963 606 5028 meis
636 4958 896 5026 observationibus
926 4957 1089 5044 singularis
1121 4954 1266 5040 quaedem
1297 4961 1330 5018 et
1359 4972 1396 5018 ea
1424 4952 1570 5032 ruardme,
1599 4969 1677 5036 quoe
1708 4952 1747 5018 ad
1776 4951 1864 5016 loeos
1894 4951 1967 5016 novi

299 5081 473 5148 wsnmenti
491 5077 676 5144 difficiliores
696 5074 914 5160 quodammodo
934 5072 1128 5140 illustrandos
1147 5069 1274 5136 forsitan
1294 5069 1415 5153 aliquod
1429 5075 1610 5134 momentum
1625 5066 1760 5134 habitura
1774 5067 1846 5148 siut,
1866 5067 1966 5132 inter-

1233 5212 1238 5224 .
1600 5183 1615 5247 1
1627 5183 1648 5222 ἱ
