4724 5942
1117 367 1361 446 ..10-

409 584 526 648 numeri
547 579 672 664 pluralis
694 578 850 644 disseram.
887 576 962 644 llum
985 580 1054 645 dieo
1077 597 1165 663 quom
1184 577 1331 664 pluralem
1350 579 1525 666 categoriae
1543 579 1594 644 rel
1613 578 1796 646 indefinitum
1815 581 1921 648 aliisve
1939 581 2073 648 nomini·-

409 695 466 762 bus
486 695 638 780 adpellunt
656 693 731 772 (elr.
752 693 869 759 Winer.
882 697 914 768 §-
930 693 982 760 27.
998 695 1047 771 2).
1129 695 1264 760 etorieae
1282 694 1313 758 id
1335 694 1455 776 quidem
1477 703 1510 760 et
1525 697 1665 779 poetieam
1683 695 1800 782 ligurae
1818 705 1878 777 est,
1900 715 1965 764 rem
1983 715 2073 764 unum

409 831 449 878 eo
471 811 562 876 modo
585 810 763 894 designare,
791 816 825 872 ut
846 809 1042 893 depluribns
1064 809 1148 892 loqui
1170 810 1302 875 ridearis
1324 807 1373 891 ⁶),
1400 829 1459 874 neo
1481 811 1671 893 vituperandi
1697 817 1767 876 sunt
1793 811 1993 896 grmuuatiei‚
2022 813 2074 894 qui

410 927 488 992 huno
510 925 629 991 dioendi
651 925 776 990 lormum
796 923 837 988 ed
858 925 1042 1010 interpretes
1064 924 1203 1010 relegent
1228 929 1276 1002 (ν.
1299 925 1348 990 ΑΙ.
1371 924 1478 990 Βιιιιιι.
1500 928 1531 998 S.
1556 923 1629 990 123.
1653 925 1706 1002 2)ι
1734 927 1790 992 sed
1816 927 1923 992 horum
1944 928 2073 992 maxime

407 1043 535 1108 interest
557 1059 623 1106 eam
645 1039 896 1105 animadvertere.
934 1039 1022 1116 Quod
1044 1040 1072 1104 ei
1093 1041 1265 1126 neglectum
1287 1040 1387 1121 luerit,
1409 1037 1551 1106 iaeillime
1570 1039 1634 1120 liet,
1657 1049 1690 1106 ut
1711 1059 1800 1108 error
1821 1043 1928 1125 uliquis
1950 1043 2073 1126 irrepat

409 1157 650 1222 haereseum
672 1157 710 1220 Α.
733 1153 832 1220 Gellio
854 1153 988 1235 neem,
1010 1155 1061 1237 qn
1082 1157 1114 1220 m
1136 1155 1274 1221 noenum
1296 1155 1407 1220 auum
1433 1155 1453 1220 ι.
1476 1154 1512 1218 ιι
1535 1139 1573 1220 ι’
1588 1153 1630 1220 ue
1653 1156 1772 1222 ιιιιιια
1800 1159 1914 1242 eloqu
1934 1165 2074 1222 ιιιιοιοι

408 1273 611 1356 historiaeque
633 1280 684 1336 aut
705 1271 869 1336 carminum
891 1271 1060 1353 scriptores
1087 1273 1177 1336 etiam
1203 1289 1293 1337 uuum
1320 1271 1412 1336 lilium
1438 1271 1567 1336 liliamre
1589 1269 1704 1336 liberos
1731 1272 1926 1340 multitudinis
1949 1291 2074 1338 numero

409 1389 647 1473 adpellauerunt.
684 1386 827 1462 Quamvis
854 1387 933 1450 enirn
959 1385 1039 1469 quod
1066 1405 1106 1450 ex
1132 1387 1237 1452 vetere
1263 1393 1388 1451 auotore
1416 1387 1585 1469 exemplum
1613 1385 1711 1452 adlert
1736 1387 1850 1454 disard
1876 1389 2001 1474 generis
2023 1388 2073 1466 sit,

410 1503 530 1570 dubium
552 1519 614 1567 uon
636 1509 694 1582 est,
717 1502 799 1566 illam
818 1505 885 1587 ejus
904 1501 1147 1566 observationem
1166 1499 1236 1566 iude
1256 1509 1375 1568 enatam
1394 1519 1475 1581 esse,
1499 1503 1579 1586 quod
1599 1501 1687 1566 liberi
1705 1517 1724 1566 a
1743 1501 1914 1568 rhetoribus
1928 1511 1961 1568 et
1973 1503 2074 1586 poetis

410 1633 629 1704 saepenumero
652 1635 710 1700 per
731 1617 878 1700 pluralem
904 1616 1087 1682 indefinitum
1111 1618 1284 1682 dicerentur
1298 1615 1340 1693 ⁶).
1385 1617 1478 1682 Simili
1507 1634 1615 1682 errore
1641 1617 1799 1683 laborasse
1826 1617 1897 1682 mihi
1923 1619 2075 1700 uidentur,

410 1735 438 1800 si
460 1736 511 1816 qui
532 1735 715 1815 interpretes
735 1734 807 1797 nori
825 1733 996 1796 testamenti
1015 1733 1046 1796 in
1069 1733 1139 1796 loeo
1160 1733 1228 1822 hot
1247 1732 1365 1813 17,18.
1386 1752 1426 1797 er
1445 1733 1560 1797 verbis:
1581 1738 1608 1797 ul
1627 1723 1662 1798 81
1681 1731 1835 1824 (ἔλεγον)Ι
1855 1723 1947 1807 ξένιον
1969 1722 2075 1822 daupu-

412 1847 481 1912 uloo
504 1837 589 1912 θοιιῒ
607 1846 811 1937 tranq-{rheda
833 1843 921 1928 εἶναι,
948 1845 995 1911 ὅτι
1015 1845 1068 1910 ndu
1092 1844 1202 1919 Ἰησοῦν
1224 1844 1536 1919 aeternorumque
1564 1838 1786 1938 ιθηγγιλίζιτο,
1815 1849 1874 1914 buu
1896 1848 2075 1929 elicuerunt,

409 1963 467 2035 edo
488 1960 665 2044 ἀνάστασιν,
693 1981 781 2046 quam
809 1963 917 2028 Paulus
943 1962 1205 2047 pronunciaverit,
1235 1979 1253 2024 a
1280 1968 1367 2044 purte
1393 1961 1576 2046 audientium
1602 1981 1660 2046 pro
1687 1964 1808 2028 nomine
1834 1964 1918 2028 Deae
1948 1963 2076 2047 ulioujus

410 2079 540 2144 habitem
563 2095 643 2142 esse.
680 2079 811 2158 Alvero,
834 2085 868 2142 ul
889 2086 1016 2158 teoeum,
1039 2096 1079 2142 ex
1101 2077 1249 2142 sententia
1269 2076 1425 2162 gentilium
1447 2067 1518 2151 ξένα
1540 2067 1679 2164 θαιμθνια
1700 2097 1809 2143 nouam
1831 2087 1862 2142 et
1882 2081 2077 2166 peregrinam

409 2193 592 2279 religionem
614 2193 685 2274 diei,
708 2195 758 2276 qui
780 2212 867 2259 usum
889 2193 1014 2276 pluralis
1032 2193 1179 2258 indefiniti
1197 2191 1373 2272 adverterit,
1395 2190 1491 2274 probe
1511 2191 1671 2278 intelliget,
1693 2193 1747 2258 illo
1768 2195 1858 2260 modo
1874 2195 2077 2260 Athenienses

409 2309 494 2392 loqui
514 2310 662 2394 potuisse,
685 2309 802 2374 etiarnsi
825 2308 865 2373 de
887 2307 1024 2393 pluribus
1046 2309 1111 2374 deis
1134 2327 1152 2372 e
1172 2309 1263 2373 l’aulo
1282 2307 1488 2392 pronunoiatis
1507 2309 1626 2372 minime
1646 2310 1842 2395 cogitassent
1879 2309 1990 2376 liudem
2011 2311 2077 2376 lere

410 2427 489 2490 ratio
512 2433 561 2490 eet
581 2426 718 2490 looorum
740 2423 842 2488 llattb.
866 2423 920 2504 22,
938 2421 973 2488 Ι1.
995 2423 1087 2488 llere
1113 2424 1165 2503 12,
1191 2424 1231 2503 1.,
1253 2421 1304 2486 ubi
1325 2441 1416 2505 quum
1437 2423 1575 2508 singulae
1596 2423 1760 2507 parabolae
1782 2425 1963 2506 referamur,
1985 2426 2076 2490 lesus

410 2542 442 2606 ιν
464 2540 646 2628 παραβολαῖς
666 2539 785 2604 loeutus
808 2537 926 2603 dieitur.
962 2538 1068 2622 Neque
1090 2540 1169 2602 euim
1191 2537 1294 2602 dubito
1317 2537 1429 2602 irustru
1450 2555 1532 2618 esse,
1555 2539 1607 2622 qni
1625 2540 1705 2604 hune
1724 2541 1871 2624 pluralem
1890 2542 1959 2606 inde
1980 2559 2075 2624 repe-

408 2663 491 2735 tunt,
519 2655 600 2738 quod
622 2654 759 2740 singulae
781 2653 850 2717 illae
871 2653 1035 2737 parabolae
1056 2669 1113 2737 pro
1137 2653 1256 2718 deleotu
1278 2669 1396 2734 earum
1424 2671 1498 2736 quas
1519 2653 1610 2720 lesus
1631 2663 1704 2720 tune
1725 2658 1935 2739 proposuerit,
1957 2655 2076 2722 heben-

413 2767 471 2834 due
493 2771 563 2834 sint.

572 2883 701 2948 Omnino
723 2890 821 2948 autem
842 2883 901 2947 hoo
922 2899 1021 2968 genus
1044 2882 1164 2948 dicendi
1185 2901 1203 2946 a
1222 2899 1304 2946 novo
1323 2889 1502 2948 testamento
1523 2901 1585 2948 non
1604 2883 1734 2950 ebenum
1753 2903 1825 2952 esse
1844 2885 1983 2969 exemplu
2002 2885 2077 2950 satie

413 2997 505 3064 multo
530 3005 687 3062 testentur.
725 2997 758 3062 ln
784 2997 837 3063 illo
865 2997 984 3081 quidem
1010 2999 1168 3064 notissimo
1195 2997 1297 3062 llatth
1326 2997 1358 3078 2,
1386 2997 1437 3062 20.
1464 2995 1640 3070 τεθνήκασιν
1667 3005 1695 3064 ot
1723 2991 1882 3077 ζηιοθντος
1902 3000 1958 3074 τὴν
1981 2995 2077 3090 ψυχὴν

404 3121 468 3178 ,τοῦ
488 3102 607 3178 παιδίου
630 3114 811 3196 scriptorem
838 3113 884 3178 his
911 3113 1013 3178 verbis
1039 3133 1079 3180 ex
1100 3113 1171 3180 loeo
1198 3114 1312 3178 veteris
1339 3113 1508 3178 testamenti
1534 3113 1589 3178 lix.
1617 3113 1650 3196 1,
1679 3114 1731 3180 19.
1758 3117 1895 3200 repetitis
1917 3116 2018 3200 ibique
2039 3116 2079 3182 ad

411 3229 517 3314 plures
543 3229 650 3294 relatis
675 3225 719 3292 uti
746 3227 826 3294 haud
852 3229 1069 3316 negligendum
1095 3235 1152 3294 est
1196 3228 1390 3312 Reliquorum
1417 3247 1457 3292 ex
1478 3247 1604 3294 numero
1626 3237 1763 3296 exemtus
1789 3231 1880 3298 velim
1901 3249 1957 3298 eos
1979 3231 2079 3312 loros,
2155 3201 2159 3218 ⁶

411 3344 445 3408 in
467 3343 574 3426 quibus
597 3361 690 3409 oense
710 3343 836 3427 pluralis
858 3343 1003 3408 indeliniti
1024 3345 1100 3409 haee
1127 3343 1193 3408 sola
1219 3361 1291 3410 esse
1312 3343 1446 3426 ridetur,
1473 3346 1554 3428 quod
1579 3353 1686 3410 auotor
1713 3346 1745 3410 in
1773 3347 1925 3414 narrando
1953 3365 2016 3414 non
2037 3349 2079 3412 ita

414 3465 574 3522 aoonratus
597 3467 655 3540 est,
677 3468 711 3525 ut
729 3459 847 3546 sirugula
866 3475 1002 3542 quaeque
1020 3477 1121 3524 rernm
1141 3467 1296 3547 goslenum
1314 3468 1463 3526 momenta
1483 3461 1521 3526 ad
1540 3461 1682 3526 amussim
1701 3469 1809 3527 emota
1828 3463 1962 3544 denotet,
1985 3463 2080 3530 veluti

414 3573 517 3638 llatth.
542 3573 595 3654 21,
620 3577 649 3639 7.
673 3575 727 3656 26,
750 3573 781 3638 8.
804 3575 862 3655 27,
885 3573 938 3638 11.
982 3573 1052 3640 Non
1077 3574 1289 3640 ooniundeudu
1316 3575 1393 3642 haee
1419 3577 1498 3642 ratio
1524 3578 1666 3642 narrandi
1692 3577 1820 3642 liberior
1846 3597 1914 3644 oum
1941 3595 1999 3644 usu
2025 3579 2079 3644 illo

415 3689 541 3773 pluralis
564 3689 728 3770 rhetorico,
751 3689 846 3773 qualis
868 3691 900 3754 in
922 3690 999 3756 loeis
1020 3690 1123 3756 blatth.
1144 3691 1176 3771 9,
1196 3689 1227 3755 8.
1249 3691 1344 3756 lierni
1364 3694 1394 3772 7,
1414 3689 1466 3756 37.
1489 3692 1558 3757 Aet
1579 3695 1611 3774 7,
1631 3693 1685 3757 11.
1703 3691 1756 3774 19,
1773 3690 1825 3758 38.
1842 3693 1896 3775 21,
1912 3693 1965 3758 28.
1988 3694 2079 3760 llebr.
2169 3679 2174 3690 ’

416 3805 450 3885 9,
473 3803 524 3868 36.
547 3804 595 3870 lo.
618 3805 651 3884 1,
674 3803 726 3868 38.
749 3806 787 3869 al.
810 3804 1052 3888 deprehenditur.
1097 3807 1198 3872 Verba
1224 3807 1326 3872 llatth.
1349 3806 1381 3887 9,
1404 3807 1440 3871 8ο
1469 3795 1616 3881 ιθθξασαν
1641 3806 1695 3872 edu
1718 3804 1784 3872 dado
1806 3806 1859 3872 τὸν
1882 3798 1976 3874 δόντα
1998 3802 2080 3886 liuu-

417 3921 482 3984 σ1αν
504 3918 646 3991 τοιαύτην
668 3930 730 3994 τοῖς
750 3917 913 4009 ἀνθρώπια
934 3921 1117 3986 Fritusohius
1139 3923 1184 3986 siu
1211 3924 1439 4007 interpretatur:
1468 3920 1634 3987 celebrarit
1659 3921 1746 3986 trurbe
1773 3923 1884 4004 Deum,
1912 3925 1993 4008 quod
2021 3934 2080 3990 ιοιιι

415 4035 565 4120 insignem
589 4033 759 4100 laoultatem
781 4035 949 4100 bominibus
972 4053 996 4099 ι.
1018 4037 1127 4121 generi
1149 4035 1277 4102 humano
1299 4035 1470 4117 tribuisset,
1500 4053 1588 4119 quem
1614 4053 1793 4102 oonoesnm
1819 4038 1988 4106 hominibus
2010 4042 2081 4107 indo

417 4151 560 4235 oonjeoit,
583 4151 652 4232 quia
673 4149 777 4216 lesum
798 4150 947 4216 hominem
969 4169 1007 4216 ea
1029 4153 1204 4216 instructum
1228 4151 1310 4218 vidit
1355 4153 1436 4218 Vere
1456 4153 1516 4216 hoo
1539 4151 1660 4232 dietum,
1683 4152 1739 4218 sed
1760 4153 1813 4218 vix
1835 4171 1912 4238 opos
1934 4163 2001 4220 erat
2022 4156 2080 4220 ad-

472 4407 500 4475 5)
525 4405 687 4472 Quemquam
706 4405 759 4457 allo
777 4403 973 4472 quoquomodo
991 4419 1037 4473 per
1055 4406 1233 4458 armentionem
1256 4405 1385 4474 quandam
1408 4405 1509 4458 numeri
1527 4403 1571 4467 ht,
1594 4411 1689 4457 utres
1713 4421 1767 4458 ona
1789 4405 1885 4476 plurali
1909 4405 2081 4474 signilioetur,

525 4503 654 4572 siqnidem
676 4517 722 4572 pro
746 4504 850 4570 obJeotu
874 4509 915 4554 eat
939 4509 965 4554 et
988 4502 1022 4553 ad
1043 4504 1174 4556 notionem
1197 4504 1248 4557 hoo
1264 4509 1371 4558 numero
1390 4519 1540 4572 expressam
1557 4505 1675 4556 ναῖοι-ιον.
1710 4503 1764 4558 Gir.
1783 4507 1865 4558 llere
1885 4509 1909 4568 7,
1928 4510 1966 4556 2.ι
1991 4502 2081 4566 ἰδόντι,

526 4599 592 4662 τινὰς
609 4602 659 4654 τῶν
677 4598 792 4672 μαθητῶν
811 4629 845 4642 -·
862 4597 984 4662 ἐσθίοντας
1000 4600 1057 4662 τοὺς
1074 4597 1173 4671 ἄρτους,
1194 4607 1206 4654 1
1226 4601 1319 4656 Thess.
1338 4606 1363 4666 2,
1380 4606 1405 4656 8.
1423 4599 1567 4673 εὐδοκοῦμεν
1586 4603 1616 4670 (1.
1631 4617 1655 4654 ο.
1675 4618 1734 4670 ego,
1752 4603 1861 4670 Paulus)
1880 4601 2024 4672 prendebant
2040 4601 2083 4656 aaut

524 4695 568 4758 τὰς
585 4695 677 4750 ἑαυτῶν
696 4695 783 4769 ψυχάς.
819 4699 883 4752 Inde
901 4697 982 4765 illud,
1000 4697 1070 4766 qnod
1087 4699 1169 4768 primo
1188 4699 1311 4769 adspectu
1328 4702 1422 4754 mirum
1439 4701 1523 4752 rideri
1539 4701 1635 4770 possit,
1654 4704 1735 4756 blare.
1752 4702 1777 4764 3,
1798 4704 1852 4752 17.ι
1870 4697 1982 4766 teloque
2001 4697 2081 4762 suleole

528 4790 639 4867 ὀνόματα
657 4795 800 4866 Βοανηργές.

476 4897 503 4963 θ)
528 4893 792 4948 cerimonem.
812 4899 837 4958 t,
858 4896 899 4947 ιθ.
919 4896 944 4947 6.
963 4893 1022 4947 rl'er.
1040 4893 1119 4946 Andr.
1140 4897 1165 4958 5,
1184 4899 1208 4948 9.
1227 4899 1270 4950 20.
1289 4897 1354 4949 Ηοο.
1374 4899 1399 4962 2,
1419 4902 1441 4949 1.
1460 4898 1500 4950 id.
1519 4896 1609 4952 cinero
1622 4914 1669 4968 pro
1683 4897 1743 4964 lege
1758 4897 1828 4948 Man
1845 4910 1867 4948 ο.
1888 4899 1927 4947 12.
1942 4895 2010 4949 Phil.
2022 4897 2042 4959 l,
2057 4899 2080 4947 1.

529 4991 563 5043 al.
581 4989 664 5044 Usum
682 4991 757 5044 illum
775 4991 883 5060 pluralis
901 4999 927 5046 et
945 4993 973 5045 in
990 4993 1037 5046 illa
1054 4995 1159 5046 notione
1177 4999 1203 5047 et
1221 4995 1247 5046 in
1267 4995 1327 5048 eliis
1345 4993 1413 5064 apud
1430 4996 1545 5064 baginus
1562 5011 1671 5064 graeoos
1689 4995 1924 5062 hequentiraimnm
1938 5009 1996 5046 eree
2013 4993 2082 5046 inter

529 5103 619 5142 ornnes
637 5097 728 5143 uotum
745 5097 793 5144 est.
