4724 5942
405 583 614 666 superioribus
642 583 921 666 interpretationem
950 601 1022 646 esse
1044 583 1240 648 adhibendam
1268 601 1392 648 censeo.
1437 583 1524 658 Quod
1554 583 1633 646 onim
1657 581 1765 648 Paulus
1794 583 1879 650 dicit:
1912 585 2082 668 quicunque

405 697 574 764 bominibus
597 706 723 764 externa
746 699 953 782 spectantibus
981 715 1051 762 sese
1074 699 1207 782 probare
1230 698 1349 776 uolunt,
1378 699 1399 761 ii
1425 698 1685 762 circumcisionem
1707 697 1793 764 vebia
1816 699 1994 778 obtrudunt,
2021 700 2081 766 boe

405 815 446 878 ita
470 813 595 893 dictum,
618 823 651 877 ut
676 816 847 897 exprimere
872 816 984 897 possit,
1008 831 1063 878 eos
1084 817 1165 874 solos
1185 814 1424 888 circumcisionis
1444 815 1638 876 necessariae
1657 821 1828 895 praecones
1847 831 1928 880 esse.
1964 815 2080 900 Lingua

405 930 568 993 vernacule
591 947 662 993 nos:
686 947 750 994 was
774 930 878 994 solohe
893 930 986 994 lente
1009 929 1092 1008 siud,
1115 929 1164 992 dle
1187 929 1332 1013 udtbigen
1356 928 1432 994 euclr
1454 931 1474 991 i.
1497 948 1525 992 o.
1545 929 1567 992 ii
1586 928 1644 992 soli
1667 928 1725 992 boe
1748 937 1857 1012 agunt,
1880 947 1969 996 nemo
1992 930 2078 994 aliua.

563 1049 594 1118 ς.
618 1043 666 1108 Vl.
704 1044 752 1107 Ad
774 1044 904 1127 reliqua,
928 1063 1005 1127 quac
1025 1047 1182 1128 proposito
1204 1045 1363 1123 habebam,
1387 1043 1540 1108 tractanda
1562 1061 1652 1126 quum
1675 1043 1767 1108 ouon
1786 1061 1848 1108 uon
1869 1053 2080 1130 supponunt

403 1157 616 1241 aliquantulum
635 1167 720 1223 certe
740 1177 780 1224 ex
799 1161 845 1224 bis
866 1160 1006 1239 delibem,
1029 1162 1248 1242 quaestionum,
1272 1177 1349 1242 quae
1370 1159 1407 1222 ed
1431 1177 1517 1222 usum
1540 1159 1749 1241 pronominum
1772 1162 1954 1242 pertineant,
1977 1159 2078 1224 lorra-

402 1276 504 1360 ginem
535 1275 681 1357 quandem
707 1275 856 1359 adjiciam.
903 1276 949 1340 Ac
976 1278 1075 1360 primo
1104 1276 1223 1358 quidem
1250 1275 1319 1338 loco
1347 1276 1517 1357 posuerim,
1548 1275 1628 1356 quod
1655 1275 1730 1338 satis
1752 1283 1856 1340 uotum
1879 1283 1911 1340 et
1932 1276 2076 1358 lraqoena

401 1399 461 1470 est,
484 1393 552 1454 vioe
571 1393 758 1474 pronominis
777 1392 949 1474 personalis
971 1409 1081 1456 nomen
1102 1393 1199 1474 ipsum
1218 1393 1360 1473 usurpari
1380 1392 1549 1473 repetitum.
1588 1391 1634 1454 De
1655 1407 1715 1474 quo
1737 1391 1949 1490 wluerus-(s.
1966 1391 2018 1454 22.
2036 1391 2074 1466 2)

403 1523 478 1570 rere
500 1508 639 1590 exponit,
672 1509 839 1590 scriptores
862 1507 918 1570 bae
946 1508 1127 1589 repetitione
1155 1507 1283 1570 nominis
1305 1508 1348 1569 uti
1375 1506 1424 1568 vel
1452 1505 1591 1569 vitandae
1620 1506 1812 1570 obscuritatis
1839 1525 1932 1572 cauea
1960 1506 2010 1572 vel
2037 1506 2077 1572 ob

403 1622 572 1704 emphasim
605 1625 777 1686 accuratius
803 1631 902 1686 autem
929 1623 1090 1686 finiendum
1114 1631 1195 1702 erat,
1224 1639 1371 1704 quaenam
1394 1621 1572 1703 pronomina
1595 1621 1771 1703 personalia
1791 1623 1866 1700 siut,
1894 1639 2022 1704 prorum
2045 1622 2076 1686 la

402 1737 501 1801 locum
525 1755 635 1802 nomeu
658 1740 755 1821 ipsum
778 1739 931 1802 succedat.
969 1737 1044 1800 Nam
1063 1738 1121 1800 tria
1141 1738 1263 1800 omnino
1283 1737 1413 1822 cogitari
1432 1735 1574 1818 possunt:
1598 1755 1708 1802 nomeu
1728 1739 1867 1804 iteratum
1888 1738 2077 1821 pronominis

400 1861 453 1917 aut
481 1852 593 1918 deliniti
620 1863 672 1917 aut
699 1855 850 1936 reciproci
878 1862 929 1916 eut
956 1854 1087 1936 denique
1115 1853 1250 1916 reflexivi
1279 1859 1383 1934 partes
1412 1851 1572 1914 sustinere.
1617 1851 1642 1914 Ε
1670 1852 1779 1935 quibus
1809 1871 1887 1936 quae
1917 1853 2015 1935 primo
2044 1859 2077 1918 ot

400 1969 498 2033 altero
521 1970 591 2033 loeo
614 1969 793 2047 memoravi,
817 1971 937 2033 minimo
960 1976 1159 2033 controversa
1182 1976 1252 2030 sunt
1274 1966 1348 2042 (cir.
1372 1974 1495 2049 praetor
1517 1966 1656 2049 exempla
1679 1967 1797 2032 Wineri
1823 1965 2075 2045 leoninae:

400 2083 559 2171 πνεύματα
588 2093 748 2172 προφητῶν
778 2083 942 2173 προφήταις
970 2083 1187 2162 ὑποτάσσεται,
1218 2084 1258 2146 11).
1285 2082 1337 2162 15,
1361 2081 1430 2144 tt:
1462 2083 1557 2170 ἀοι-ἠρ
1579 2080 1703 2170 ἀστέρος
1724 2073 1887 2174 διαρίρτι)ε
1918 2083 1957 2146 de
1985 2083 2075 2148 tertie

400 2217 516 2284 genere
547 2199 739 2264 dubitandum
769 2199 896 2263 uidetur.
943 2199 1027 2273 Quae
1057 2199 1135 2262 enim
1168 2198 1287 2261 2'lim.
1313 2197 1342 2276 l,
1370 2195 1420 2260 18.
1452 2198 1531 2262 dicta
1561 2206 1696 2264 exstent:
1729 2188 1793 2283 δώῃ
1823 2200 1907 2280 αὐτῷ
1936 2197 2076 2286 deripier

401 2317 494 2402 εὑρεῖν
518 2313 599 2388 ileos
620 2313 702 2403 παρὰ
724 2315 823 2402 κυρίου
847 2331 900 2394 ee,
931 2333 1021 2396 quum
1044 2315 1161 2377 verbis:
1192 2303 1255 2397 δώῃ
1278 2316 1295 2375 d
1316 2312 1412 2402 κύριος
1434 2315 1556 2376 nonnisi
1577 2313 1706 2378 lormula
1733 2313 1857 2397 optandi
1886 2313 2076 2378 contineatur

401 2437 433 2493 et
455 2431 485 2492 in
509 2429 565 2492 bae
588 2431 672 2493 notio
695 2430 794 2517 κυρίου
817 2431 883 2493 sine
905 2429 968 2493 ullo
991 2429 1129 2512 pondere
1151 2431 1249 2510 posite
1273 2429 1326 2508 sit,
1348 2429 1401 2491 vix
1422 2428 1482 2492 buc
1505 2428 1665 2493 relerende
1687 2431 1836 2496 existimo.
1879 2430 1920 2492 At
1941 2429 1993 2492 alii
2015 2427 2076 2496 due

398 2544 461 2608 loci
483 2551 568 2624 sunt,
591 2561 717 2627 quorum
740 2545 948 2627 interpretatio
971 2563 1011 2608 ex
1033 2543 1090 2608 bac
1112 2545 1178 2627 ipsa
1202 2544 1394 2625 quaestione,
1419 2563 1506 2626 qnam
1529 2562 1609 2608 nuno
1632 2545 1795 2630 agitamus,
1817 2544 1944 2627 pendet:
1972 2541 2075 2608 llattb.

401 2659 456 2736 12,
481 2657 532 2723 26.
563 2663 607 2735 (ai
628 2663 645 2722 d
667 2657 807 2734 Σατανᾶς
828 2659 882 2724 τὸν
912 2657 1068 2748 Σοιτοινίίνι
1085 2657 1243 2743 ἐκβάλλον)
1273 2666 1305 2721 et
1333 2658 1406 2722 Luc.
1435 2659 1487 2737 ll,
1517 2659 1567 2722 17.
1598 2654 1694 2734 (οἶκος
1716 2661 1765 2724 tari
1793 2655 1889 2738 οἶκον,
1918 2659 2000 2741 quod
2020 2657 2076 2726 1111

399 2782 535 2838 vertunt:
566 2773 672 2838 domus
700 2791 795 2858 cuper
822 2775 957 2854 demum,
988 2774 1052 2838 alii:
1083 2773 1191 2842 domus
1218 2791 1313 2856 super
1340 2793 1374 2838 se
1403 2775 1527 2856 ipsam).
1563 2753 1652 2840 'Nolo
1675 2774 1814 2856 equidem
1836 2776 1866 2838 iu
1890 2774 1937 2838 tus
1959 2773 2073 2857 exple·

397 2889 502 2954 randis
532 2891 698 2956 immorari:
731 2889 786 2952 sed
817 2889 927 2954 multos
956 2909 1046 2972 quum
1068 2891 1099 2953 in
1122 2908 1158 2954 ee
1181 2907 1216 2953 re
1243 2891 1379 2954 incertos
1406 2906 1476 2952 esse
1504 2897 1536 2952 et
1564 2889 1707 2954 recidere
1734 2889 1871 2970 videam,
1901 2890 2074 2954 accuratius

399 3005 552 3070 delinitum
574 3004 665 3068 velim
687 3023 704 3068 ο
726 3005 944 3090 grammaticis,
976 3005 1047 3088 quid
1071 3005 1110 3069 de
1132 3024 1189 3069 usu
1212 3005 1340 3069 nominis
1365 3005 1466 3068 iterati
1493 3021 1549 3086 pro
1577 3006 1757 3088 pronomine
1786 3006 1933 3070 rationive
1963 3005 2073 3070 existi·-

399 3119 540 3185 nrendom
562 3121 602 3183 sit
618 3118 674 3196 ¹⁷).

558 3233 675 3298 Deinde
704 3233 785 3316 quod
814 3235 932 3316 dieunt,
962 3253 1132 3318 pronomen
1161 3235 1324 3318 personale
1354 3235 1497 3300 inlibris
1526 3237 1605 3328 noui
1627 3235 1798 3301 lesumenti
1826 3253 1888 3300 non
1910 3252 1982 3300 roro
2004 3236 2072 3302 aine

399 3351 509 3416 idonea
538 3369 629 3415 cenea
657 3349 751 3414 verbo
780 3350 912 3414 additum
939 3369 1010 3414 ease
1039 3349 1113 3425 (cir.
1136 3349 1244 3414 Buttm.
1268 3355 1298 3424 ς.
1326 3349 1399 3430 129,
1425 3350 1511 3430 ib),
1540 3352 1714 3431 consentio,
1745 3350 1800 3414 sed
1827 3352 1894 3434 ipsa
1922 3351 2072 3435 exempla,

439 3626 482 3693 17)
508 3625 558 3686 Qui
575 3637 669 3674 nornen
687 3621 823 3688 repetitum
843 3619 897 3671 illie
915 3621 943 3670 iu
962 3619 1028 3671 locis
1047 3635 1126 3672 sensu
1145 3623 1268 3672 reflexivo
1287 3621 1496 3689 interpretantur,
1515 3623 1548 3673 ed
1566 3637 1640 3673 usum
1657 3623 1753 3673 veteris
1767 3619 1915 3672 testamenti
1931 3633 2071 3686 provocare

506 3721 597 3772 solent
634 3721 796 3784 Quamquam
815 3733 881 3784 queo
900 3734 932 3768 ex
951 3718 1001 3769 hoo
1020 3721 1178 3783 excitentur,
1201 3720 1324 3787 plernquo
1344 3720 1449 3772 adrem
1468 3719 1627 3788 prebendam
1646 3735 1737 3786 porum
1756 3727 1801 3772 aot
1817 3719 1884 3769 nibil
1902 3719 2011 3770 leolunt.
2048 3716 2070 3770 r.

505 3821 613 3872 Graecis
631 3801 779 3884 eiemplum
797 3818 911 3868 nominis
928 3818 1025 3878 iterati,
1044 3816 1113 3882 qood
1130 3832 1177 3884 pro
1196 3819 1319 3870 reflexiro
1338 3817 1489 3886 pronomine
1506 3819 1549 3880 eit,
1567 3819 1600 3870 ad
1618 3833 1711 3872 manua
1728 3817 1794 3870 rnilrl
1814 3816 1949 3870 commode
1966 3817 2068 3868 nudum

505 3927 545 3970 est
562 3919 615 3970 niti
633 3933 666 3968 ex
685 3915 840 3984 'lbuoydide
860 3919 886 3978 5,
907 3919 960 3967 te:
985 3916 1013 3982 ἢν
1036 3913 1064 3966 bl
1086 3912 1208 3980 Ἀθηναῖοι
1230 3915 1330 3970 πείθωσι
1351 3913 1393 3976 τὰς
1416 3913 1511 3984 πόλεις,
1535 3913 1686 3986 βουλομένας
1708 3915 1797 3975 τρίτος
1818 3911 1905 3976 ἐξίστω
1928 3911 2070 3988 ξυμμάχους

503 4013 621 4068 ποιεῖσθαι
639 4011 726 4072 αὐτοὺς
745 4012 885 4078 ’loqueum
921 4017 956 4065 At
979 4015 1085 4081 publico
1111 4030 1142 4064 ex
1162 4014 1315 4066 documento
1339 4014 1405 4066 haec
1428 4023 1488 4064 sont
1510 4015 1527 4065 i.
1547 4030 1568 4065 e.
1588 4030 1618 4065 οο
1637 4031 1670 4064 ex
1688 4029 1783 4080 genere
1809 4015 1977 4081 scriptorum,
2002 4029 2070 4080 quae

505 4129 580 4166 suum
603 4111 701 4162 habent
724 4111 813 4162 stilum
837 4111 870 4162 ad
888 4127 1016 4164 morosam
1036 4111 1164 4178 quandam
1187 4111 1357 4164 subtilitatem
1379 4120 1406 4164 et
1424 4111 1607 4163 verbositatem
1627 4113 1805 4179 compositum.
1842 4112 1964 4164 Fortasse
1983 4119 2069 4164 temen

504 4210 565 4263 addi
583 4211 685 4278 poterit,
704 4209 772 4276 quod
788 4210 923 4276 Krligerua
942 4211 1060 4276 (grtmm.
1079 4225 1175 4276 greeae
1192 4215 1216 4276 ς.
1234 4213 1278 4262 bl.
1297 4212 1322 4262 5.
1343 4212 1369 4278 2)
1387 4226 1421 4262 ex
1439 4191 1615 4262 Demosthene
1632 4211 1744 4262 excitat:
1767 4207 1809 4277 rip
1832 4207 1903 4262 πόλιν
1927 4206 2015 4280 ἐχθρὰν
2037 4211 2067 4278 τῇ
2123 4223 2129 4242 ·

503 4309 573 4360 πόλει
591 4307 727 4374 πεποίηκεν.
747 4337 780 4345 -
800 4310 830 4358 ln
849 4309 958 4360 transitu
978 4317 1064 4360 autem
1083 4307 1115 4360 de
1133 4307 1258 4360 iormulea
1282 4301 1314 4369 τίς
1332 4309 1374 4360 τον
1392 4306 1448 4375 ἕνα,
1472 4323 1549 4375 quom
1572 4309 1734 4375 pronominis
1756 4309 1884 4376 reciproei
1908 4310 1991 4360 luatur
2010 4321 2068 4358 ease

503 4407 667 4475 moretiel
690 4406 783 4458 volunt
806 4407 888 4471 (Win.
912 4409 936 4471 5.
961 4409 1004 4458 76.
1029 4411 1053 4458 2.
1076 4406 1172 4458 Buttm.
1190 4409 1214 4471 ξ.
1234 4410 1277 4458 ld.
1296 4406 1346 4472 1.),
1367 4406 1468 4472 aliquid
1485 4407 1643 4460 monendum
1661 4405 1771 4462 ridetur.
1806 4408 1994 4470 Diatiuotione,
2013 4405 2067 4456 nial

502 4505 591 4568 fallor,
615 4506 644 4556 in
662 4504 712 4557 hae
730 4504 842 4556 formula
860 4520 926 4571 opua
944 4511 992 4556 eat.
1028 4504 1095 4556 Sunt
1112 4503 1172 4568 loci,
1191 4503 1332 4570 inquibus
1350 4505 1505 4572 simpliciter
1526 4521 1573 4572 pro
1591 4505 1638 4558 illo
1656 4491 1808 4574 pronomine¹
1824 4505 1975 4566 adhibetor,
1993 4503 2066 4556 velot

506 4609 518 4653 1
539 4603 632 4655 These.
651 4605 676 4666 b,
697 4607 751 4654 11.=
775 4595 1093 4672 obsequentiores
1114 4602 1132 4652 i.
1152 4617 1174 4654 ο.
1193 4597 1331 4672 ἀλλήλους
1355 4609 1416 4654 sont
1440 4603 1500 4666 alii,
1524 4603 1553 4653 in
1575 4603 1670 4669 quibua
1694 4605 1821 4658 τοίὶοοοοο
1845 4603 2006 4668 reciprocam
2030 4603 2068 4652 ita

502 4701 612 4766 indicet,
636 4707 666 4752 ot
682 4699 807 4752 remanda
829 4702 877 4752 ait:
902 4699 1000 4767 singuli
1023 4697 1149 4766 singulos.
1185 4699 1246 4750 lluo
1269 4701 1398 4767 pertinere
1415 4709 1491 4767 poto,
1516 4716 1582 4767 quse
1603 4707 1614 4752 l
1636 4701 1693 4756 Ger.
1712 4709 1737 4768 4,
1756 4704 1780 4754 d.
1799 4701 1939 4767 leguntur:
1957 4691 1989 4760 είς
2007 4695 2066 4768 ὑτίρ

502 4801 546 4850 τοῦ
563 4796 624 4866 lade,
642 4799 693 4852 boc
711 4813 791 4850 aenan
809 4799 887 4862 diota,
906 4806 934 4850 ot
952 4799 1126 4850 nominativus
1145 4789 1177 4858 είς
1195 4797 1228 4848 ed
1248 4798 1369 4865 singulos
1387 4799 1497 4866 portium
1516 4800 1677 4865 quarendum
1694 4806 1842 4862 sectatores,
1860 4799 1995 4866 genitivus
2014 4793 2066 4858 1νίς

499 4899 532 4950 ad
550 4913 604 4960 eos,
623 4899 667 4964 qui
684 4899 797 4966 portium
811 4898 942 4964 principes
957 4905 1052 4960 eaaeet,
1067 4895 1217 4948 referendos
1230 4897 1273 4948 sit.
1301 4896 1372 4948 ldam
1386 4911 1449 4950 usna
1465 4897 1592 4950 formulae
1607 4897 1677 4964 epud
1690 4897 1809 4948 carrium
1822 4897 1934 4949 Dionem
1955 4901 1994 4962 it,
2011 4899 2065 4948 itt:

504 4994 656 5065 ἠγωνίσαντο
673 4987 705 5055 οἶς
722 4995 783 5066 προς
800 4993 842 5046 ἕνα
860 4996 876 5046 i.
897 5011 918 5046 ο.
937 4993 1092 5063 pugnabant
1108 4995 1207 5062 alogoli
1225 5009 1284 5046 eum
1303 4995 1429 5062 singuliap
1448 4995 1484 5050 ib.
1503 4997 1546 5059 56,
1563 4997 1605 5048 δη·
1621 4992 1646 5048 lu
1664 4992 1725 5064 πρὸς
1742 4991 1767 5046 ἓν
1784 4991 1951 5065 ἕξεταζόμινα,
1969 4993 2064 5062 quibua

503 5097 650 5164 oppoaitutu
667 5102 720 5158 est,
738 5093 807 5161 qnod
825 5093 867 5146 bis
885 5093 973 5146 sarbia
991 5093 1157 5162 exprimitur:
1176 5087 1239 5162 ὁμοῦ
1257 5090 1336 5144 πάντα
1353 5077 1413 5162 πρὸς
1430 5095 1503 5144 τοῦτο
1520 5091 1550 5144 ab
1566 5091 1591 5144 lu
1609 5091 1828 5166 τορτβαλλίμτνοι.
