4724 5942
994 375 1240 454 ..11-

284 585 345 652 diu
366 585 547 652 monitione:
570 603 610 652 na
628 585 776 670 pluralem
795 601 852 668 pro
872 583 1019 671 singulari
1037 585 1168 650 locatum
1187 592 1287 668 putes,
1310 591 1460 650 memento
1475 583 1569 665 illum,
1591 593 1625 651 ut
1638 587 1669 652 in
1685 585 1835 652 sententia
1849 605 1951 672 geue·

283 701 352 782 ruli,
374 701 474 768 locum
496 719 583 766 auum
604 701 693 766 tueri.
730 698 806 764 Nam
828 700 859 764 id
881 701 1000 783 quidem
1021 717 1111 766 nemo
1131 702 1285 766 censuerit
1303 717 1458 764 numemm
1478 699 1625 784 pluralem
1644 689 1701 784 prd
1721 700 1868 787 singulari
1886 700 1949 768 ullo

283 815 407 882 inloco
429 818 470 882 ita
492 817 649 899 usurpari,
675 821 709 878 nt
734 815 808 880 nihil
834 815 1014 882 discriminis
1040 817 1119 880 inter
1144 823 1303 898 utrumque
1330 814 1378 878 s'it.
1423 815 1515 880 humo
1538 831 1718 880 concessum
1740 815 1778 880 uh
1800 815 1949 898 omnihus,

283 931 363 1015 puod
390 931 469 996 idem
497 929 680 996 Fritaachius
707 930 744 994 ad
771 929 874 996 llutth.
904 931 940 1012 2,
969 931 1022 998 20.
1052 931 1234 1009 (comment.
1261 949 1291 1015 p.
1318 928 1399 1008 100)
1422 931 1559 1010 adnotat,
1581 933 1750 1016 generatim
1771 949 1837 998 rem
1858 949 1948 998 unum

281 1047 429 1132 proponi,
451 1045 502 1111 uhi
524 1061 649 1110 numero
672 1044 783 1130 plurali
804 1047 1003 1130 exprimatur,
1025 1048 1092 1112 siue
1114 1046 1194 1130 quod
1216 1047 1382 1132 lleisigius,
1404 1047 1513 1112 ibidem
1534 1045 1687 1128 laudatus,
1713 1045 1849 1114 ucutiore
1872 1063 1948 1112 seu-

281 1162 375 1226 tentia
397 1160 546 1240 declarat,
573 1161 756 1226 rhetoricum
778 1161 861 1226 illum
882 1161 1030 1245 pluralem
1052 1163 1203 1242 adhiberi,
1226 1163 1253 1226 si
1275 1179 1326 1226 res
1350 1178 1503 1246 quaeque,
1528 1179 1590 1226 non
1617 1169 1727 1246 quunta
1749 1163 1790 1226 ait
1810 1179 1948 1243 numero,

283 1277 339 1342 aed
355 1275 451 1359 qualis
465 1293 582 1362 genere
601 1276 652 1356 sit,
675 1283 839 1360 spectetur.
876 1276 964 1342 Nunc
982 1278 1145 1344 videndum
1165 1278 1203 1344 de
1223 1277 1349 1360 reliquis
1369 1275 1446 1340 locis
1462 1293 1538 1359 quos
1552 1279 1728 1342 memoravi.
1760 1277 1829 1341 Act.
1847 1277 1947 1357 7,11.

283 1391 440 1458 hamelius
462 1391 602 1457 dicuutur
622 1391 791 1456 exuentes
810 1394 842 1456 lo
860 1401 923 1467 τοῖς
942 1391 1036 1483 ἔργοις
1054 1401 1117 1458 τῶν
1136 1401 1239 1483 χειρῶν
1259 1393 1370 1470 αὐτῶν,
1391 1390 1468 1456 haec
1488 1389 1560 1481 ἔργα
1574 1399 1673 1456 autem
1687 1392 1725 1456 de
1740 1391 1836 1457 vitulo
1851 1409 1947 1458 aureo

283 1507 355 1587 dici,
377 1525 466 1590 quam
487 1507 623 1574 lahricati
646 1515 743 1585 erant,
767 1525 807 1572 ex
828 1509 897 1592 ipso
919 1509 989 1574 loco
1012 1517 1094 1592 patet
1111 1507 1150 1586 ²).
1187 1507 1294 1572 llimm
1314 1508 1417 1592 igitur,
1439 1505 1604 1590 plerosque
1622 1508 1815 1589 interpretes,
1838 1525 1877 1572 ne
1897 1523 1949 1574 rea

283 1636 343 1688 uun
365 1622 474 1706 plurali
496 1639 620 1700 numero
642 1621 800 1707 designata
822 1623 990 1702 rideretur,
1017 1624 1047 1688 id
1074 1625 1191 1709 egisse,
1218 1631 1328 1688 utres
1355 1622 1459 1706 plures
1486 1620 1643 1686 efficerent
1669 1631 1948 1706 enumemrentpue.

282 1737 457 1804 liuinuelius
480 1738 599 1820 quidem
617 1737 763 1821 pluralem
781 1738 871 1802 istum
890 1737 928 1802 ad
948 1737 1037 1822 epula
1056 1737 1233 1804 socriflcaliu
1252 1737 1289 1802 ab
1304 1737 1448 1802 Israelitis
1463 1736 1614 1802 celebrata
1635 1736 1741 1818 relert,
1764 1739 1814 1804 alii
1836 1738 1948 1804 cultum

283 1853 369 1918 uituli
394 1855 479 1918 uurei
507 1854 573 1917 sine
601 1871 653 1917 era
681 1851 755 1929 (cir.
782 1851 838 1916 Ex.
867 1849 924 1931 32,
953 1854 992 1928 5)
1020 1863 1186 1938 ceteroque
1208 1853 1359 1938 adparatu·
1375 1853 1442 1928 fieri
1464 1871 1525 1918 non
1547 1853 1682 1936 potuisse
1704 1861 1836 1918 monent.
1881 1853 1948 1919 lloc

283 1987 390 2048 unum,
419 1969 545 2052 opinor,
570 1976 744 2051 supererat,
771 1975 805 2032 ut
831 1968 958 2033 cundem
986 1985 1050 2032 rem
1077 1968 1124 2033 his
1150 1971 1198 2036 vel
1227 1971 1348 2053 saepius
1374 1967 1483 2034 luctam
1510 1968 1745 2051 suspicarentur.
1790 1967 1823 2032 ln
1851 1967 1947 2034 altero

283 2084 432 2150 Actorum
453 2082 523 2148 loco
547 2099 574 2148 c.
601 2082 654 2164 19,
677 2081 730 2148 38.
753 2083 852 2148 scriba
875 2083 1012 2166 publicus
1033 2082 1248 2168 Ephesiorum,
1277 2087 1327 2168 qui
1349 2083 1533 2169 proconsule
1555 2099 1680 2148 rumano
1702 2101 1805 2148 rerum
1826 2101 1948 2148 suumn

281 2198 475 2264 moderniora
496 2198 665 2278 utebantur,
687 2197 807 2282 plebem
828 2198 1055 2264 tumultuantem
1069 2199 1164 2283 *hujus
1185 2200 1224 2264 ud
1243 2200 1371 2266 tribuual
1389 2202 1430 2266 itu
1450 2198 1582 2284 delegat,
1604 2207 1637 2264 ut
1656 2199 1857 2282 proconsules
1878 2215 1950 2264 essa

283 2314 374 2393 dicat,
398 2331 475 2397 quoa
497 2314 582 2378 adire
604 2313 743 2380 dchmnt.
789 2314 878 2388 Quod
903 2314 972 2380 Act.
1001 2313 1055 2394 21,
1084 2313 1136 2380 28.
1160 2323 1275 2395 exstet,
1301 2317 1343 2382 itu
1370 2315 1490 2399 plenum
1519 2323 1582 2393 est,
1609 2321 1642 2378 ut
1667 2313 1869 2396 explicatione
1896 2312 1949 2378 vix

282 2429 422 2515 indigere
443 2429 591 2494 videatur.
635 2427 743 2494 ludaei
766 2429 959 2512 Trophimum
981 2447 1000 2493 e
1021 2429 1183 2515 gentilihus
1210 2431 1403 2496 christianum
1430 2429 1513 2494 l’unli
1540 2431 1680 2494 comitem
1703 2447 1792 2512 quum
1814 2431 1845 2494 in
1868 2437 1948 2493 tem-

281 2543 364 2629 plum
385 2545 425 2608 ah
447 2562 485 2610 eo
507 2543 708 2610 introductum
730 2551 879 2628 putarent,
902 2544 960 2610 hoc
979 2544 1119 2628 apostolo
1139 2545 1256 2610 crimini
1274 2546 1394 2624 dahant,
1417 2543 1497 2628 qnod
1519 2543 1680 2629 gentilibus
1695 2544 1834 2608 udmissis
1848 2543 1950 2608 locum

281 2659 460 2746 religiosum
486 2661 686 2743 profanasset.
728 2659 871 2726 Similiter
894 2660 925 2724 id
952 2660 1063 2724 dictum
1090 2667 1179 2743 atque
1205 2659 1278 2726 illud
1302 2661 1332 2726 in
1359 2661 1444 2726 Liuio
1471 2660 1530 2740 12,
1554 2657 1603 2738 3.,
1626 2659 1764 2726 Flaccum
1787 2677 1948 2724 censorem

283 2775 323 2840 oh
345 2777 451 2842 aedem
472 2776 600 2842 lunonis
622 2776 763 2840 Laciniae
785 2776 816 2839 in
838 2774 947 2840 Bmtiis
970 2776 1109 2840 violatam
1131 2776 1208 2840 mule
1227 2776 1379 2840 audivisse
1400 2775 1439 2842 uh
1459 2775 1701 2854 accusatoribus,
1724 2775 1774 2856 qui
1800 2793 1869 2840 eum
1891 2791 1949 2857 per

282 2893 435 2956 sociorum
450 2893 541 2956 urbes
557 2891 722 2956 diruentem
742 2889 852 2973 templa
870 2889 1091 2973 nudantemque
1110 2897 1190 2955 lecta
1210 2891 1328 2955 aedium
1344 2909 1498 2956 sucramm
1512 2890 1618 2976 auguri
1633 2890 1844 2972 jactitaverint.
1882 2888 1948 2954 Eo·

283 3006 353 3072 dem
367 3005 576 3086 referendum,
601 3007 682 3089 quod
703 3005 797 3070 llarci
819 3009 850 3085 7,
871 3003 923 3068 37.
942 3005 1034 3070 lesus
1053 3015 1159 3072 sanato
1180 3007 1281 3090 aliquo
1303 3005 1424 3070 homine
1445 3005 1538 3070 surdo
1558 3013 1590 3069 et
1608 3014 1689 3070 muto
1711 3004 1881 3070 celebratur
1901 3005 1949 3069 hia

282 3121 399 3186 ternu:
427 3121 478 3185 καὶ
504 3122 574 3196 τοὺς
602 3121 718 3210 κωφοὺς
745 3119 967 3186 menesatem
994 3121 1045 3186 καὶ
1072 3122 1142 3196 τοὺς
1169 3119 1299 3194 ἀλάλους
1323 3123 1435 3203 λαλεῖν.
1480 3119 1563 3184 Luco
1592 3119 1865 3201 summumne,
1894 3119 1948 3188 23.

282 3236 429 3325 κρείττοσι
451 3235 561 3310 θυσίαις
583 3237 621 3302 de
643 3235 803 3316 sacrificio,
827 3235 906 3318 quod
929 3234 1065 3302 Christus
1087 3243 1185 3302 morte
1207 3237 1375 3320 expiatoria
1397 3234 1514 3316 obtulit,
1537 3253 1605 3299 eam
1624 3233 1744 3318 quidem
1763 3235 1803 3300 oh
1825 3255 1948 3302 cuuaam

284 3355 410 3435 dictum
438 3355 506 3436 quia
533 3353 592 3416 hoc
619 3351 768 3434 tumquam
794 3352 866 3416 novi
893 3351 1027 3416 foederis
1049 3353 1228 3418 sacrificium
1250 3371 1318 3416 cum
1338 3353 1393 3430 iis,
1424 3369 1500 3434 quus
1523 3351 1635 3416 veteris
1656 3351 1827 3415 testamenti
1850 3357 1947 3431 erant,

282 3469 531 3534 contendehutur.
568 3467 705 3550 Denique
727 3468 758 3531 in
780 3485 828 3530 er.
850 3464 898 3532 lo.
921 3466 954 3546 l,
977 3464 1029 3530 38.
1053 3466 1202 3534 Christum
1224 3467 1338 3532 rerhis:
1361 3463 1448 3532 ἄλλοι
1469 3464 1679 3531 κεκοπιάκασιν
1703 3465 1741 3530 de
1763 3485 1819 3530 suo
1842 3467 1944 3551 potis-

283 3585 388 3652 simum
410 3586 506 3669 ipsius
528 3583 633 3648 tunore
654 3583 738 3665 loqui
759 3583 812 3646 uir
838 3581 958 3646 duhium
984 3589 1047 3662 est,
1073 3583 1115 3648 ita
1141 3591 1256 3664 tamen,
1283 3591 1316 3648 ut
1343 3599 1413 3646 sese
1440 3581 1659 3665 quodammodo
1686 3582 1827 3646 latentem
1855 3581 1947 3648 faciat

282 3703 363 3766 inter
384 3719 489 3766 omnes
511 3699 598 3778 illos,
621 3699 671 3782 qui
693 3697 799 3762 luhors
821 3715 878 3762 suo
901 3695 1029 3762 fructum
1051 3704 1082 3761 et
1104 3715 1233 3762 messem
1256 3697 1324 3762 aliia
1345 3705 1461 3782 parunt

442 3815 558 3890 Quodsi
580 3815 667 3880 locos
689 3821 811 3898 spectes
833 3813 937 3897 quales
958 3812 1003 3878 illi
1025 3819 1095 3878 sunl
1116 3813 1209 3878 llarc.
1234 3816 1265 3893 7,
1289 3811 1341 3876 37.
1364 3813 1433 3878 Act.
1458 3811 1512 3891 21,
1535 3809 1605 3892 28.,
1632 3811 1752 3895 planum
1775 3814 1849 3892 erit,
1876 3811 1948 3895 quid

283 3931 341 3998 ribi
362 3931 445 4011 velit,
469 3931 550 4014 quod
571 3929 655 3994 multi
676 3929 855 3994 eminentiae
881 3929 960 3994 hunc
987 3928 1133 4012 pluralem
1160 3945 1230 3994 esse
1256 3928 1373 3994 dicunt:
1399 3928 1557 3992 uerissime
1583 3935 1700 4009 eutem,
1728 3929 1778 4011 qui
1806 3927 1948 3994 sollerter

284 4048 323 4114 dc
346 4065 385 4112 ac
408 4047 566 4124 disseruit,
594 4045 625 4111 S.
648 4045 683 4110 V.
707 4043 739 4109 0.
762 4043 796 4108 L.
818 4043 944 4110 llothius
960 4039 991 4120 ⁸)
1015 4051 1136 4124 censet,
1163 4062 1220 4127 pro
1242 4061 1278 4108 re
1300 4051 1368 4108 natu
1390 4043 1472 4122 lieri,
1499 4051 1532 4108 ut
1557 4042 1648 4108 modo
1675 4043 1835 4127 amplificet
1856 4043 1947 4108 modo

283 4164 450 4242 imminuat,
478 4179 578 4243 neque
607 4159 695 4224 alium
722 4160 788 4243 ejus
814 4160 875 4222 vim
896 4176 967 4224 esse
989 4159 1048 4224 oiai
1068 4159 1166 4239 illam,
1193 4177 1269 4242 quae
1295 4160 1416 4225 nomine
1436 4159 1562 4243 pluralis
1584 4157 1730 4224 indefiniti
1751 4157 1947 4244 significetur.

282 4279 365 4344 ldem
386 4279 414 4342 si
435 4276 577 4342 collatuuu
598 4275 672 4355 uult,
694 4274 775 4358 quod
797 4281 902 4338 orator
923 4275 973 4340 uel
995 4281 1102 4340 ructor
1123 4273 1204 4353 lihri,
1226 4273 1277 4339 uhi
1299 4275 1337 4338 de
1359 4292 1413 4340 rua
1435 4291 1568 4358 persono
1589 4273 1731 4357 loquitur,
1754 4274 1862 4358 plnroli
1884 4293 1945 4340 nu-

285 4413 371 4460 mero
392 4395 436 4460 uti
458 4392 566 4471 soleat,
587 4407 775 4474 naquaquam
796 4391 1041 4476 repugnaverim,
1065 4390 1121 4456 sed
1143 4389 1218 4454 alias
1241 4407 1312 4454 esse
1332 4389 1452 4454 dicendi
1471 4389 1595 4468 formas,
1617 4406 1694 4472 quae
1712 4390 1801 4454 etiam
1821 4390 1947 4473 propius

285 4511 400 4590 ohsiut,
423 4508 572 4574 erdrtimo.

443 4623 520 4688 llam
541 4621 648 4688 eudem
667 4621 732 4688 lere
751 4629 856 4686 natura
874 4620 992 4686 uidetur
1010 4637 1081 4686 esse
1101 4620 1181 4686 illius
1200 4617 1359 4685 formulae:
1382 4624 1410 4684 ct
1429 4619 1496 4707 σιρί
1509 4641 1586 4700 τινα,
1609 4627 1640 4684 et
1654 4618 1761 4686 eodem
1777 4617 1842 4685 iere
1856 4619 1946 4686 modo

342 4915 368 4983 7)
391 4913 552 4978 Notandum,
569 4911 642 4966 idola
659 4913 687 4964 in
704 4917 790 4964 vetere
808 4917 960 4965 tesmmento
979 4911 1063 4964 solere
1081 4910 1186 4962 nomine
1204 4909 1343 4961 collective
1361 4917 1426 4996 ης
1443 4921 1493 5000 ⁸71¹:
1509 4907 1603 4994 flsszll
1620 4905 1760 4976 adpellem,
1783 4909 1810 4960 in
1828 4909 1946 4961 versione

393 5009 570 5063 Alexandrina
587 5009 714 5079 pluralem
732 5005 791 5080 ἶργσ
807 5009 856 5062 τῶν
874 5011 962 5080 χειρῶν
981 5007 1103 5061 substitui
1122 5009 1168 5060 olr.
1186 5007 1264 5060 Dant.
1282 5011 1308 5071 1,
1327 5009 1368 5059 28.
1387 5007 1479 5060 Palim.
1502 5009 1559 5072 115,
1578 5010 1602 5057 l.
1624 5007 1682 5073 135,
1703 5009 1743 5060 15.

342 5111 370 5178 8)
394 5109 425 5161 V.
444 5111 500 5177 ejus
518 5109 713 5163 ohservationes
731 5108 840 5162 editiori
857 5123 934 5175 quam
951 5107 1076 5161 iustruxit
1091 5105 1231 5176 Agricolae
1249 5103 1359 5157 additas.

1579 5204 1756 5296 2⁴,
