4724 5942
1123 380 1342 456 ..q-

399 589 498 656 mixtia
527 589 702 673 quibusdam
734 585 783 654 vel
812 589 910 655 dubiis
937 589 986 654 val
1016 590 1240 674 quaestionibus
1268 593 1488 676 proposuerim.
1539 590 1633 655 Venia
1663 599 1762 656 autem
1792 601 1874 657 tanto
1904 593 2064 658 instantius

397 705 542 790 petenda,
565 713 677 788 quanto
700 706 796 790 magis
818 725 875 790 per
896 707 1050 791 angustias
1073 705 1268 789 supellectilis
1291 707 1442 770 literariae
1464 725 1512 770 me
1533 707 1706 790 impeditum
1728 725 1799 771 esse
1821 709 1929 772 sentio.

555 826 585 896 §-
609 821 631 884 1.
676 821 709 884 ln
724 829 809 904 parte
823 822 1036 906 grammaticae
1050 822 1254 900 institutionis,
1278 839 1366 903 quam
1386 821 1619 907 etymologicam
1639 822 1752 903 dicunt,
1776 823 1888 906 siquid
1902 841 1920 886 a
1935 821 2063 888 Winero

399 935 644 1020 praetermissum
671 938 844 1001 autminus
871 943 955 1000 recte
982 935 1132 1000 definitum
1160 942 1240 1016 erat,
1267 935 1515 1022 diligentissimae
1541 935 1709 1001 Buttmanni
1737 956 1829 1002 carae
1856 939 2064 1023 prosperrime

398 1052 615 1130 subvenerunt,
639 1051 785 1135 hujusque
807 1069 901 1134 opera
923 1050 954 1114 id
976 1049 1058 1133 quod
1080 1052 1207 1114 maxime
1227 1051 1455 1116 desiderabatur
1475 1053 1604 1116 accessit
1623 1060 1656 1116 nt
1676 1051 1791 1118 iormae
1813 1053 1965 1133 insolitae,
1988 1071 2063 1137 quas

397 1166 553 1250 hucusque
575 1167 730 1250 neglectas
753 1167 851 1230 critici
872 1167 1059 1232 recentiores
1087 1184 1126 1230 ex
1153 1166 1366 1248 antiquissimis
1395 1167 1550 1231 codicibus
1578 1168 1609 1230 in
1636 1175 1749 1232 textum
1777 1177 1973 1252 receperunt,
2003 1189 2063 1232 ex-

399 1283 583 1366 plicarentur
605 1281 729 1356 (velutiz
758 1271 817 1360 θσῑ,
845 1291 925 1370 γνοῖ,
953 1269 1054 1361 ἕλετο,
1083 1268 1212 1356 titiam,
1239 1290 1318 1360 nem,
1346 1280 1500 1369 ποιήσομαι
1522 1282 1587 1358 al).
1633 1281 1667 1344 ln
1689 1281 1745 1344 hac
1768 1291 1854 1365 parte
1877 1285 1969 1368 igitur
1991 1284 2062 1366 quid

399 1397 551 1481 adjiciam,
575 1397 625 1460 vix
647 1396 754 1460 haheo.
798 1396 954 1476 Attamen,
982 1413 1021 1460 oe
1045 1397 1129 1459 sicco
1151 1395 1229 1478 pede
1251 1405 1417 1476 transeam,
1449 1397 1486 1460 de
1508 1414 1567 1460 una
1590 1395 1687 1460 saltim
1710 1414 1745 1462 re
1768 1398 1981 1464 dubitationem
2003 1399 2062 1463 ad-

397 1513 479 1576 ierre
502 1511 584 1591 libet,
607 1529 695 1592 quarn
717 1513 744 1573 si
765 1511 987 1594 paradoxorom
1010 1513 1040 1574 in
1063 1527 1188 1574 numero
1210 1528 1327 1592 ponere
1350 1512 1442 1590 velis,
1465 1531 1527 1576 non
1549 1511 1709 1576 admodum
1731 1531 1879 1598 repugno.
1924 1513 2062 1578 Formam

399 1623 582 1718 ἀγαλλιᾶσθε
604 1627 634 1689 in
656 1627 759 1708 priore
782 1626 812 1690 8.
841 1627 920 1690 Petri
942 1626 1070 1709 epistola
1098 1645 1124 1689 c.
1156 1626 1190 1704 l,
1218 1647 1246 1688 v.
1274 1627 1295 1690 6
1318 1635 1349 1690 et
1370 1625 1392 1689 8
1421 1627 1466 1690 his
1490 1629 1608 1691 obviam
1630 1629 1801 1710 praesentis
1823 1647 1894 1692 esse
1916 1631 2061 1712 temporis

397 1759 492 1827 aegre
514 1741 584 1804 mihi
606 1741 785 1824 persuadeo.
831 1741 905 1804 Nam
928 1742 1045 1824 quantis
1069 1741 1290 1806 difficultatibus
1312 1741 1362 1804 illa
1391 1743 1597 1825 interpretatio
1625 1742 1757 1821 laboret,
1787 1761 1864 1825 quac
1890 1745 2061 1827 apostolum

397 1857 435 1921 de
457 1857 568 1942 gaudio
591 1857 761 1920 christianis
784 1857 814 1920 in
837 1857 893 1920 hac
914 1857 976 1920 vita
999 1864 1105 1939 parato
1128 1857 1300 1938 loquentem
1319 1856 1401 1936 lacit,
1423 1856 1545 1920 uberius
1565 1875 1721 1940 exponere
1739 1859 1813 1922 nibil
1834 1860 1946 1923 attinet.
1984 1859 2061 1922 'lota

397 1973 515 2055 quidem
543 1973 727 2037 continuatio
749 1974 962 2036 sententiarum
985 1979 1016 2035 et
1043 1971 1174 2056 singula·
1189 1990 1324 2055 quaeque
1351 1980 1499 2036 momenta
1522 1991 1587 2036 rem
1614 1971 1741 2036 loturam
1768 1975 1957 2056 apertissime
1979 1973 2062 2038 indi-¹

396 2097 466 2152 cant
483 2087 522 2162 ¹).
568 2088 727 2168 liautem,
754 2088 805 2170 qui
830 2094 996 2170 praeeunte
1019 2087 1244 2170 Theophylacto
1272 2085 1326 2163 (σθ
1347 2085 1530 2176 ἀγαλλιᾶσθε
1552 2073 1620 2151 enat
1641 2096 1696 2151 τοῦ
1718 2087 1878 2175 μέλλοντος
1900 2088 2060 2164 εῑληπται)

397 2211 514 2286 tempus
541 2221 687 2286 praesens
713 2221 772 2285 pro
800 2202 900 2266 laturo
928 2210 1101 2284 usurpatum
1130 2203 1248 2281 volunt,
1278 2221 1383 2285 pamm
1412 2203 1582 2287 proiecisse
1609 2203 1758 2267 videntur.
1809 2204 1952 2278 Quamvis
1981 2205 2062 2268 enim

398 2319 509 2382 crebro
531 2317 592 2397 hat,
615 2327 647 2382 ut
669 2317 766 2382 iorma
791 2317 962 2400 praesentis
988 2319 1132 2400 temporis
1160 2316 1335 2382 adhibeatur
1363 2317 1400 2381 ad
1423 2317 1454 2382 id
1477 2317 1711 2402 designandum,
1739 2318 1819 2400 quod
1846 2319 1895 2382 vel
1922 2321 2070 2414 proxime·

396 2433 446 2497 rel
467 2433 637 2497 certissime
659 2435 819 2511 immineat,
842 2433 946 2496 nescio
970 2439 1070 2496 tamen
1091 2451 1129 2495 an
1148 2433 1206 2497 hoo
1225 2433 1292 2497 lieri
1311 2450 1372 2496 non
1393 2435 1501 2516 possit,
1523 2433 1574 2498 ubi
1595 2441 1744 2496 momenta
1763 2439 1930 2515 temporum
1950 2433 2060 2498 distin-

396 2547 517 2634 guenda
544 2555 622 2610 sunt.
668 2547 701 2612 ln
728 2548 798 2611 loco
826 2549 945 2614 Petrino
972 2556 1072 2611 autem
1099 2567 1189 2630 quum
1215 2569 1245 2611 v.
1277 2549 1297 2612 6
1326 2557 1357 2612 et
1382 2547 1404 2611 8
1431 2547 1529 2613 lutura
1556 2547 1786 2611 christianorum
1814 2547 1947 2612 conditio
1970 2557 2001 2612 et
2023 2565 2061 2612 ea

396 2683 473 2747 quae
500 2683 579 2728 nunc
608 2665 647 2727 sit
674 2666 758 2740 (sive
786 2682 822 2727 ea
849 2681 888 2727 ex
915 2681 973 2745 qua
999 2670 1070 2726 tunc
1098 2663 1195 2746 erepti
1222 2661 1350 2739 luerint)
1372 2664 1451 2726 inter
1478 2681 1513 2725 se
1536 2661 1771 2741 contendantur,
1799 2681 1862 2727 non
1884 2662 1964 2727 aliud
1986 2670 2059 2745 puto

396 2787 631 2844 consentaneum
653 2797 723 2842 esse
750 2779 808 2842 nisi
835 2797 899 2842 rem
926 2777 1055 2841 futuram
1082 2795 1138 2841 suo
1165 2797 1201 2841 ac
1223 2779 1350 2861 proprio
1373 2785 1509 2860 tempore
1533 2777 1678 2840 denotari.
1724 2775 1852 2841 hamme
1878 2778 1909 2842 id
1931 2778 2059 2860 conspi-

398 2913 486 2960 cuum
507 2895 538 2958 in
561 2915 589 2958 v.
613 2893 646 2974 8,
669 2894 720 2958 ubi
742 2895 857 2958 verbis:
881 2890 914 2956 dv
937 2895 992 2957 oda
1014 2881 1126 2966 ἰδόντες
1147 2894 1287 2982 ἀγαπᾶτε
1309 2894 1353 2958 σθ’
1368 2901 1476 2958 statum
1495 2901 1686 2976 praesentem
1706 2893 1810 2956 relatis
1829 2893 1860 2956 id
1881 2893 1961 2975 quod
1980 2911 2059 2976 pro-

395 3011 475 3074 nime
497 3011 647 3092 sequitur:
670 3013 728 3085 (εἰς
750 3006 782 3072 ὃν
806 3005 872 3096 ἄρτι
894 3007 935 3095 μὴ
958 3011 1083 3096 ὁρῶντες
1102 3005 1289 3083 πιστεύοντες
1311 2999 1363 3085 tt)
1386 3006 1567 3097 ἀγαλλιᾶσθε
1589 3008 1627 3074 ad
1649 3016 1758 3072 statum
1780 3007 1910 3072 iubarum
1932 3009 2061 3091 reierre,

395 3126 423 3189 si
443 3133 581 3208 tempore
600 3125 754 3207 praesenti
773 3141 950 3208 expressum
970 3125 1020 3203 sit,
1043 3141 1104 3187 non
1124 3124 1249 3206 poteris.
1288 3125 1390 3188 Verbo
1410 3124 1518 3188 dicam:
1542 3125 1601 3188 nisi
1621 3143 1689 3188 cum
1703 3123 1838 3208 Origene
1858 3123 1944 3208 legas
1963 3126 2060 3214 ἀγαλ-

392 3236 539 3320 λιάσεσθε,
563 3240 644 3322 quod
658 3248 780 3324 praeter
794 3239 1001 3304 auctoritatem
1016 3239 1154 3304 codicum
1174 3240 1296 3320 leceris,
1319 3239 1377 3302 hoe
1396 3239 1467 3302 mihi
1487 3257 1577 3302 unum
1597 3255 1760 3321 superesse
1779 3239 1909 3320 uidetur,
1932 3237 2060 3302 atillam

395 3354 532 3436 ionnam,
555 3356 681 3438 quaein
701 3353 855 3419 codicibus
875 3361 983 3433 exsut,
1006 3371 1063 3436 pro
1083 3353 1182 3420 luthro
1202 3357 1293 3420 attico
1313 3373 1422 3420 sumas.
1461 3355 1542 3418 llaec
1562 3357 1683 3437 species
1702 3353 1793 3418 iuturi
1807 3355 1897 3419 etiam
1912 3355 1942 3417 in
1957 3341 2059 3417 verbis

394 3471 483 3533 mutis
506 3477 537 3533 et
558 3472 643 3553 puris
666 3489 755 3553 quum
778 3469 857 3553 apud
878 3485 1008 3554 graecos
1031 3471 1197 3552 scriptores
1220 3472 1293 3534 satis
1315 3469 1457 3552 frequens
1479 3478 1540 3532 tum
1561 3469 1735 3533 Hellenistis
1755 3469 1833 3534 adeo
1855 3487 1916 3535 non
1938 3468 2059 3532 insolita

394 3593 470 3665 erat,
494 3593 527 3649 ut
548 3586 712 3666 liberrime,
735 3604 774 3648 ne
797 3585 904 3664 dicam,
927 3583 1070 3648 audacter
1092 3603 1129 3648 ea
1151 3593 1308 3650 uterentur
1330 3585 1403 3660 (cir.
1426 3583 1564 3668 exempla
1586 3584 1750 3649 aWinero
1772 3589 1803 3658 S.
1829 3583 1879 3648 13.
1902 3583 1922 3648 l.
1947 3603 1974 3648 c.
1998 3601 2057 3647 ex·

395 3702 498 3766 citam:
521 3701 592 3765 Lea.
612 3700 664 3780 19,
682 3697 736 3762 13:
759 3703 838 3789 ἀρπά
853 3717 923 3785 pro:
946 3697 1072 3787 ἁρπάσῃ,
1088 3700 1126 3762 11).
1143 3701 1197 3778 25,
1213 3701 1269 3764 t0:
1286 3704 1409 3791 ἐργάται
1423 3717 1494 3783 pro:
1511 3697 1694 3789 ἐργάσεται).
1733 3699 1833 3782 Ipsum
1848 3717 1923 3764 vero
1939 3700 2058 3764 Petrum

396 3817 564 3901 apostolom
588 3815 625 3879 ab
649 3815 707 3878 boc
730 3833 787 3879 usu
809 3832 870 3878 non
893 3815 1096 3895 abhorruisse,
1120 3815 1246 3880 iormae:
1271 3826 1407 3905 φανεῖσαι
1429 3823 1472 3880 et:
1495 3811 1642 3902 κομιεῖσθε
1665 3816 1695 3878 1η
1718 3815 1824 3879 eadem
1843 3816 1909 3898 ejus
1929 3814 2058 3898 epistola

394 3932 497 4015 priore
519 3949 545 3994 c.
570 3932 602 4010 1,
627 3930 676 3993 18.
700 3950 727 3994 c.
749 3931 768 3992 5
802 3931 822 3992 1
843 3931 951 3994 obviae
970 3931 1090 3994 docent.
1129 3931 1238 4004 Quidni
1258 3933 1359 4016 igitur,
1383 3931 1462 4012 quod
1483 3947 1547 3993 rem
1568 3947 1686 3994 omnem
1706 3931 1858 4014 expediat,
1881 3939 2057 4010 statuamus,

396 4046 446 4110 sd:
469 4042 652 4136 ἀγαλλιᾶσθε
674 4045 782 4109 ibidem
808 4046 837 4124 1,
853 4043 920 4109 aet
939 4045 960 4108 8
982 4045 1112 4109 futurum
1135 4063 1204 4109 esse
1227 4048 1435 4110 contractum?
1472 4043 1549 4108 Aliis
1571 4045 1690 4127 quidem
1713 4046 1743 4108 in
1766 4045 1843 4110 locis
1866 4047 1937 4109 novi
1960 4053 2058 4109 testa-

397 4162 488 4224 menti
510 4179 579 4244 pum
602 4159 717 4224 lomnae
739 4162 883 4244 temporis
906 4163 1074 4244 praesentis
1097 4169 1230 4240 exstent,
1259 4179 1335 4243 quae
1357 4161 1415 4223 huc
1442 4159 1621 4224 referendae
1648 4160 1714 4223 sire
1741 4178 1798 4243 pro
1826 4160 1938 4226 Futuro
1966 4162 2057 4226 attico

396 4275 550 4340 habendae
573 4277 644 4355 sint,
666 4293 734 4339 cum
756 4276 956 4359 grammaticis
979 4283 1010 4340 et
1031 4275 1244 4358 interpretibus
1267 4277 1332 4358 ipse
1356 4275 1458 4340 dubito
1480 4281 1527 4350 (v.
1550 4273 1666 4338 Winer.
1687 4278 1717 4347 ς.
1741 4273 1821 4340 131.
1842 4295 1869 4340 c.
1891 4275 1998 4340 Buttm.
2019 4275 2058 4340 ad

453 4515 478 4581 1)
502 4513 542 4565 Da
561 4513 763 4581 singulisque
782 4511 847 4575 dixi,
865 4513 1002 4564 momentis
1015 4513 1066 4565 hoc
1084 4527 1165 4564 unum
1183 4513 1335 4576 notaverim,
1352 4511 1518 4579 prodigiosae
1532 4512 1751 4579 interpretationis
1769 4527 1835 4575 esse,
1854 4512 1877 4564 ai
1892 4511 1950 4578 quia
1966 4511 2057 4564 nerbas

503 4605 652 4681 ἀγαλλιᾶσθε
669 4604 753 4680 litque
771 4606 824 4680 ἄρτι
841 4607 861 4662 sl
878 4609 931 4662 ctos
949 4609 1091 4679 λυπηθεθτις
1109 4611 1143 4662 ad
1155 4611 1282 4662 laetitiam
1296 4625 1348 4676 qua
1361 4609 1497 4662 christiani
1511 4609 1579 4662 mater
1592 4609 1665 4676 ipsos
1680 4625 1818 4662 ασσιεαιεισε
1835 4609 1960 4673 fruantur,
1977 4611 2060 4664 relata

502 4707 575 4760 velit.
610 4707 716 4760 Nihilne
737 4709 818 4776 igitur
841 4704 1011 4773 discriminis,
1034 4717 1133 4762 nuum:
1151 4707 1294 4775 λυπηθέντες
1313 4707 1445 4776 apostolus
1463 4707 1535 4760 dicat
1551 4724 1599 4758 nn:
1618 4707 1779 4778 loncdpssoai
1814 4707 1875 4758 Scio
1894 4708 2014 4776 equidem
2032 4715 2058 4761 et

501 4805 606 4856 minime
623 4821 705 4874 nego,
728 4805 904 4860 inhominem
922 4823 982 4859 rere
1001 4807 1171 4860 christianum
1189 4807 1281 4858 cadere
1300 4805 1374 4857 illam
1395 4805 1536 4870 laetitiam,
1560 4822 1625 4873 quae
1641 4805 1715 4859 nulla
1733 4804 1831 4857 doloris
1854 4806 1995 4860 acerbitate
2014 4824 2058 4860 ex-

501 4903 601 4970 stingui
618 4903 715 4970 possit,
738 4905 784 4956 aed
802 4921 854 4956 non
871 4907 895 4956 ia
913 4921 979 4970 anm,
997 4907 1042 4972 qni
1060 4921 1119 4957 enm
1136 4907 1285 4974 Augustino
1303 4920 1436 4967 censam,
1458 4905 1590 4972 interpreti
1609 4905 1637 4956 in
1656 4920 1687 4956 eo
1705 4903 1922 4970 acquiescendum
1940 4921 2011 4971 esse,
2029 4911 2058 4956 ut

503 5017 591 5054 raram
609 5001 722 5070 aliquam
740 5003 894 5054 sententiam
913 5019 927 5054 e
946 5003 1013 5054 libro
1032 5019 1106 5055 sacro
1124 5011 1204 5067 eruat,
1222 5003 1341 5069 „etiamsi
1359 5003 1411 5054 hcc
1428 5017 1480 5060 uon
1495 5003 1605 5054 senserit
1620 5001 1674 5065 ille,
1692 5016 1768 5069 quem
1782 5001 1855 5070 legit,
1874 4991 1953 5070 quum
1969 5009 1995 5054 et
2010 4995 2057 5054 itte

500 5117 603 5167 rarum,
620 5117 669 5154 nec
686 5109 771 5153 meren
789 5101 839 5153 hoc
857 5102 983 5153 nemerim
1003 5101 1061 5169 (cir.
1080 5103 1148 5170 Aug.
1167 5101 1241 5154 Ocni.
1263 5103 1303 5165 tt,
1324 5101 1376 5170 te).
