4724 5942
1004 373 1246 453 ..17-

290 582 566 651 inconsiderantiae
598 601 668 648 essa
699 581 827 646 uidetur.
856 617 889 628 -
916 582 1007 646 lesus
1037 601 1127 666 quum
1156 583 1222 648 siue
1252 582 1359 648 iustum
1390 589 1421 646 et
1450 583 1636 666 superbiam,
1665 585 1731 648 sire
1761 602 1901 668 pompa·
1930 593 1963 648 ct

287 698 481 780 adparatum,
504 698 608 782 quales
630 698 660 762 in
683 695 903 762 dominantibus
926 698 1062 782 conspici
1084 697 1218 774 soleant,
1246 697 1402 782 discipulis
1424 699 1488 762 suis
1510 706 1580 762 ante
1603 697 1709 764 oculos
1731 701 1899 782 posuisset,
1922 701 1961 764 ad

243 871 251 882 .
286 814 371 896 ipsos
387 830 556 878 conseram
571 813 642 892 boc,
664 812 770 892 inquit,
793 829 854 876 non
869 820 1003 876 vestrum
1018 821 1066 878 est
1080 831 1104 876 s.
1121 813 1197 878 baec
1211 813 1290 876 ratio
1306 814 1335 876 in
1352 830 1408 876 uos
1424 831 1486 876 non
1506 813 1587 878 cadit
1601 815 1620 876 i.
1637 833 1664 878 ο.
1686 830 1741 877 vos
1762 832 1824 880 non
1844 813 1960 881 debetis

285 929 363 995 tales
385 945 465 994 esse.
504 928 571 992 Pari
594 926 683 992 modo
708 925 816 990 Paulus
841 926 855 988 t
875 924 996 1007 Cone,
1015 925 1065 996 12.
1090 928 1174 992 dicit:
1198 929 1264 1016 οὐχὶ
1282 928 1351 1002 τοὺς
1370 925 1429 992 ἔσω
1448 932 1530 1015 epar:
1547 928 1676 1016 κρίνατε,
1700 946 1801 994 nonne
1825 937 1959 996 vestrum

288 1053 352 1123 est,
382 1061 439 1109 eos
456 1044 612 1128 judicare,
635 1043 686 1124 qui
707 1043 786 1106 intra
809 1041 971 1106 ecclesiam
992 1043 1084 1106 sunt?
1115 1061 1141 1106 s.
1165 1060 1266 1106 nonne
1289 1043 1345 1106 hos
1370 1043 1509 1125 iudicare
1532 1061 1587 1118 ros
1611 1042 1750 1108 debetis?
1796 1043 1958 1108 incudem
2001 1103 2003 1106 .

286 1157 416 1242 epistola
439 1177 467 1222 c.
480 1158 521 1236 2,
545 1157 595 1222 lt.
619 1156 713 1224 idom:
745 1164 953 1243 πνευματικῶς
974 1156 1178 1246 demptorem,
1205 1157 1264 1220 boc
1287 1173 1392 1222 sensu:
1416 1159 1591 1240 spirituliter
1612 1177 1649 1222 ea
1672 1157 1861 1243 dijudicanda
1890 1167 1961 1225 sunt

286 1292 311 1340 a.
336 1273 494 1358 dijudicari
516 1272 637 1336 debent.
675 1270 777 1336 Simile
800 1271 873 1334 illud
893 1273 923 1336 in
944 1290 992 1355 ep.
1014 1273 1051 1336 ad
1071 1271 1161 1336 liebr.
1185 1291 1212 1336 c.
1235 1273 1266 1352 5,
1289 1271 1334 1334 d.:
1357 1275 1415 1360 οὐχ
1432 1276 1532 1354 ἑαυτῷ
1551 1296 1596 1346 τις
1614 1269 1762 1360 λαμβάνει
1780 1274 1837 1344 τὴν
1857 1272 1957 1358 τιμήν,

286 1389 368 1472 quod
383 1397 504 1454 vertere
520 1389 634 1470 possis:
659 1405 720 1452 non
736 1386 865 1450 bominis
881 1395 928 1450 est
943 1387 1089 1452 bonorem
1104 1388 1162 1450 sibi
1176 1387 1327 1472 adrogare
1342 1405 1367 1450 s.
1383 1388 1474 1452 bomo
1490 1390 1556 1472 ipse
1571 1387 1628 1452 sibi
1643 1388 1790 1453 honorem
1806 1389 1958 1474 auoque

285 1522 349 1570 non
368 1504 467 1570 debet.
507 1503 539 1568 ln
560 1504 606 1568 his
627 1501 764 1566 omnibus
784 1501 857 1565 nibil
877 1521 948 1566 esse
966 1511 1057 1585 puto,
1081 1504 1161 1584 quod
1182 1502 1396 1566 dubitationem
1416 1501 1533 1566 haheat.
1572 1504 1632 1567 Sed
1652 1504 1760 1569 eodem
1780 1522 1821 1568 ex
1842 1479 1959 1588 genere

285 1628 318 1684 ut
337 1620 429 1686 multa
447 1619 538 1704 adiici
557 1627 696 1702 possunt,
720 1619 761 1682 ita
781 1619 838 1682 alia
854 1627 924 1682 sunt
943 1626 1140 1682 controversa
1162 1626 1193 1680 ct
1211 1619 1309 1682 minus
1329 1619 1500 1700 perspicua.
1539 1617 1621 1680 iuter
1640 1620 1713 1682 baec
1733 1618 1837 1684 reiero
1859 1619 1958 1684 locum

285 1737 318 1802 iu
339 1753 388 1818 cp.
411 1735 476 1800 dac.
501 1733 533 1816 3,
559 1735 624 1800 18.ι
654 1732 764 1822 καρπὸς
787 1723 821 1798 δὲ
844 1721 1029 1806 δικαιοσύνης
1051 1735 1082 1796 1ν
1105 1731 1203 1820 εἰρήνη
1225 1733 1375 1820 σπείρεται
1396 1741 1458 1806 τοῖς
1478 1740 1610 1797 ποιοῦσιν
1633 1732 1756 1822 εἰρήνην.
1803 1735 1887 1810 Quae
1915 1736 1956 1798 ita

286 1868 459 1934 exponere,
478 1859 511 1915 ut
525 1849 644 1934 singula
660 1865 796 1932 quaeque
812 1857 961 1913 momentu
982 1848 1222 1932 perpendantur,
1246 1865 1308 1912 non
1328 1855 1376 1910 est
1394 1847 1492 1910 nostri
1512 1846 1631 1910 consilii
1637 1869 1646 1925 ;
1670 1867 1736 1914 nam
1753 1849 1791 1914 de
1806 1868 1862 1930 eo,
1885 1850 1957 1932 quid

283 1968 324 2032 sit
345 1967 461 2030 tructus
481 1966 629 2048 justitiae,
659 1973 817 2046 tantopere
839 1965 918 2026 inter
941 1982 975 2028 sc
998 1963 1172 2046 discrepant
1193 1964 1391 2046 interpretes,
1420 1971 1453 2026 ut
1475 1963 1560 2028 breui
1583 1963 1658 2028 baec
1680 1966 1817 2048 quaestio
1840 1963 1959 2030 absolui

285 2089 430 2166 nequeat:
453 2097 514 2164 eqo
530 2080 650 2162 quidem
665 2099 705 2144 ex
719 2079 937 2150 cousuetudine
952 2078 1059 2142 lacobi
1078 2076 1190 2165 καρπὸν
1206 2066 1390 2150 δικαιοσύνης
1409 2095 1482 2161 pro:
1506 2079 1618 2166 καρσόν
1633 2069 1747 2144 δίκαιον
1763 2083 1782 2144 i.
1800 2098 1827 2142 e.
1842 2078 1957 2142 τέλειον

284 2199 346 2267 dici
364 2195 613 2274 existimauerim,
632 2194 688 2260 sed
708 2194 788 2278 quod
810 2213 889 2262 nunc
910 2195 1037 2260 maxime
1056 2210 1133 2278 ago,
1156 2193 1185 2256 id
1207 2193 1245 2258 ad
1260 2192 1354 2258 verba
1372 2193 1516 2276 pertinet:
1540 2193 1651 2283 καρπὸς
1665 2195 1830 2282 σσιίριται,
1851 2193 1958 2278 quibus

282 2314 342 2380 iroc
364 2313 495 2378 arbitror
514 2311 657 2392 exprimi:
679 2309 795 2374 fructus
815 2310 878 2374 uult
896 2309 973 2386 seri,
996 2307 1059 2372 uel:
1083 2307 1174 2372 debet
1193 2309 1264 2374 seri.
1303 2309 1464 2374 Praeterea
1483 2308 1557 2372 nibil
1575 2325 1685 2374 moneo
1701 2311 1759 2374 niu
1774 2309 1834 2372 hoc
1849 2327 1954 2374 unum:

282 2439 346 2503 ,τοῖς
368 2435 499 2492 ποιοῦσιν
522 2423 637 2514 εἰρήνην
661 2425 698 2500 (ἰ.
722 2445 750 2490 ο.
775 2434 837 2498 τοῖς
860 2397 1064 2514 οἱρηνσσσοιοῖς)
1093 2422 1166 2487 mibi
1194 2441 1251 2508 pro
1274 2423 1381 2488 Dativo
1409 2423 1559 2488 commodi
1586 2424 1753 2490 babendum
1782 2425 1896 2506 videri,
1925 2431 1959 2489 ut

287 2544 364 2610 baec
386 2543 515 2627 prodeat
536 2540 669 2624 apostoli
690 2542 854 2604 sententia:
885 2541 935 2623 qui
952 2540 1053 2622 justus
1076 2539 1115 2602 sit
1137 2537 1268 2619 tructus,
1300 2540 1331 2603 in
1355 2557 1431 2622 pace
1453 2539 1543 2604 debet
1565 2541 1628 2604 seri
1649 2540 1788 2624 idemque
1810 2539 1959 2604 redundat

282 2661 316 2736 in
339 2677 410 2740 cos,
438 2659 489 2740 qui
515 2675 622 2740 pacem
651 2656 762 2722 colunt.
809 2655 897 2732 Quod
925 2654 1044 2738 quidem
1071 2672 1127 2738 per
1153 2653 1362 2718 abundantiam
1390 2655 1499 2718 dictum
1528 2671 1588 2718 non
1612 2655 1808 2736 existimabit,
1840 2656 1957 2738 siquis

284 2775 362 2845 iocis
385 2773 531 2838 similibus
553 2772 638 2836 Rem.
663 2770 695 2850 3,
719 2770 771 2834 22.
795 2779 827 2834 et
849 2770 914 2834 Gal.
938 2767 969 2848 3,
994 2769 1046 2834 22.
1077 2769 1195 2834 collatis
1217 2789 1320 2834 secum
1342 2772 1543 2854 reputaverit,
1575 2787 1704 2854 quonam
1732 2771 1862 2834 consilio
1890 2769 1957 2834 lieri

283 2889 398 2969 soleat,
422 2897 454 2952 ut
474 2889 542 2958 talia
562 2905 774 2970 nonnunquam
795 2885 957 2962 adduntur,
981 2902 1058 2968 quae
1080 2885 1213 2968 speciem
1236 2885 1363 2968 aliquam
1386 2886 1585 2962 abundantiae
1605 2904 1679 2970 prae
1699 2904 1733 2950 se
1748 2884 1855 2951 ierant.
1895 2885 1955 2950 Sed
2042 2925 2044 2930 -

281 3005 469 3082 redeundum
496 3004 534 3066 ad
560 3003 766 3086 quaestionem
795 3002 991 3084 propositum.
1037 2999 1196 3066 Nonnullis
1219 3002 1249 3066 in
1272 3002 1349 3066 locis
1371 3003 1443 3066 novi
1465 3003 1634 3068 testamenti
1657 3019 1734 3084 quae
1756 3000 1957 3088 repugnantia

280 3122 362 3188 iuter
377 3139 412 3186 se
427 3129 458 3184 ct
473 3121 571 3184 minna
592 3125 795 3182 consentanea
816 3117 913 3180 videri
932 3105 1067 3200 possint,
1090 3133 1131 3180 ex
1148 3133 1207 3181 usu
1225 3116 1278 3212 illo
1298 3091 1443 3201 temporis
1462 3117 1632 3200 praesentis
1652 3123 1684 3182 et
1703 3116 1784 3184 modi
1803 3115 1957 3183 indicativi

281 3235 423 3306 facillimo
451 3234 650 3318 explicantur.
697 3232 788 3318 Cujus
810 3234 856 3296 rei
879 3231 1048 3316 exemplum
1071 3231 1164 3314 habe,
1194 3230 1274 3315 qnod
1300 3231 1316 3297 1
1342 3231 1469 3312 Confi,
1494 3233 1522 3296 1.
1551 3233 1663 3298 dictum
1685 3239 1797 3298 exstat:
1829 3219 1956 3318 oidapnr

281 3351 329 3416 lin:
350 3349 460 3426 πάντες
479 3358 587 3441 γνῶσιν
611 3347 730 3438 ἔχορσν,
755 3348 923 3430 ibidemque
945 3367 975 3443 ν..
997 3350 1041 3410 7.ι
1064 3342 1137 3412 ἀλλ’
1160 3349 1215 3412 οὐκ
1235 3349 1266 3410 ἐν
1285 3354 1373 3410 πᾶσιν
1393 3351 1413 3420 ἡ
1432 3347 1546 3437 γνιοσισΙ
1584 3349 1710 3413 Variae
1731 3347 1823 3412 variis
1843 3347 1874 3410 in
1895 3346 1954 3415 hoc

279 3467 350 3535 loco
373 3475 486 3532 tentata
508 3474 577 3534 sunt
598 3482 705 3547 eaque,
729 3473 761 3528 ut
780 3463 877 3528 dicam
898 3461 978 3546 quod
1003 3463 1113 3542 sentio,
1135 3461 1279 3544 pleraque
1301 3479 1408 3544 parum
1430 3462 1610 3546 probabilia:
1633 3465 1772 3546 proxime
1795 3463 1914 3546 quidem
1937 3479 1955 3526 a

278 3601 355 3651 sero
377 3583 486 3648 abesse
508 3582 530 3644 ii
553 3579 707 3658 videntur,
738 3581 788 3662 qui
812 3578 933 3642 Paulum
956 3599 984 3640 v.
1012 3578 1040 3642 1.
1064 3577 1103 3642 dc
1126 3597 1161 3641 re
1182 3578 1323 3642 universa
1346 3584 1377 3640 et
1399 3595 1455 3660 per
1478 3596 1514 3642 se
1537 3586 1689 3662 spectata,
1715 3599 1743 3640 ν.
1769 3582 1798 3640 7.
1823 3578 1861 3642 de
1884 3579 1952 3660 ipso

279 3706 375 3778 amm,
398 3698 495 3782 qualis
517 3696 597 3780 apud
620 3695 792 3772 Corinthios
815 3693 963 3773 obtineat,
986 3692 1159 3776 loquentem
1181 3692 1308 3772 iaciunt3
1331 3711 1389 3776 que
1410 3701 1508 3758 antem
1528 3693 1646 3758 ratione
1667 3693 1726 3756 hoc
1747 3692 1908 3778 colligatur
1928 3693 1956 3756 si

281 3833 412 3898 quaero,
434 3833 496 3880 non
518 3813 605 3878 aliam
629 3810 719 3876 video
742 3810 799 3872 nisi
823 3827 906 3890 eam,
936 3827 1014 3892 quae
1036 3809 1089 3872 ilio
1105 3827 1152 3892 cx
1173 3827 1230 3872 usu
1252 3807 1419 3892 repetenda
1441 3809 1490 3874 sit.
1536 3808 1625 3884 Quod
1647 3809 1676 3872 ir.
1700 3809 1720 3872 l.
1744 3809 1869 3874 dicitur:
1898 3826 1955 3873 nos

282 3947 387 3994 omncs
407 3930 612 4014 cognitionem
633 3903 793 4005 babemus,
816 3943 877 3988 non
893 3924 931 3990 de
948 3925 1138 4010 cognitione,
1162 3943 1249 4008 quarn
1271 3941 1376 3988 omnes
1397 3942 1471 3990 vere
1491 3923 1636 4004 babeant,
1660 3924 1716 3988 sed
1735 3923 1774 3989 de
1790 3941 1843 4004 ca,
1867 3943 1954 4006 quam

279 4044 393 4110 babere
414 4045 533 4128 possint
555 4042 604 4106 vel
627 4039 772 4120 debeant,
795 4058 893 4122 eoque
916 4057 1010 4104 sensu
1032 4039 1143 4102 dictum
1165 4046 1253 4120 puto,
1275 4047 1309 4102 ut
1330 4039 1441 4102 valeat:
1473 4047 1609 4104 nostrmn
1632 4040 1763 4128 omniura
1787 4047 1849 4118 est,
1873 4055 1954 4124 cog-

279 4161 423 4225 nitionem
450 4159 570 4224 babere.
615 4155 680 4220 lam
711 4172 801 4233 uero,
832 4153 912 4237 quod
939 4154 1170 4218 christianorum
1199 4156 1330 4218 omniurn
1352 4161 1414 4233 est,
1441 4154 1471 4218 id
1495 4173 1557 4218 non
1580 4155 1610 4220 in
1634 4155 1761 4241 singulis
1786 4154 1954 4237 quibusque

256 4275 449 4340 ‚christianis
470 4275 635 4358 repositum
658 4289 752 4356 quare
772 4269 855 4333 nulio
878 4269 968 4334 modo
988 4287 1092 4332 recum
1109 4277 1224 4354 pugnat
1243 4269 1414 4352 apostolus,
1438 4289 1526 4352 pum
1546 4291 1575 4334 v.
1594 4275 1622 4334 7.
1643 4271 1681 4334 de
1701 4269 1829 4356 singuiis
1851 4277 1955 4356 negat,

279 4391 360 4476 quod
383 4413 412 4456 ν.
438 4391 466 4454 1.
490 4391 520 4456 in
544 4389 705 4454 universos
728 4387 839 4450 cadere
862 4383 988 4450 dixerat.
1026 4383 1102 4448 Nam
1124 4401 1217 4468 saepe
1240 4383 1286 4464 iit,
1309 4392 1342 4448 ut
1361 4385 1398 4448 de
1419 4385 1569 4456 universis
1592 4387 1703 4470 aliquid
1727 4405 1802 4450 vere
1823 4385 1952 4466 dicatur,

278 4507 359 4592 quod
379 4507 504 4590 multum
524 4503 610 4570 abest
624 4510 656 4568 ut
670 4503 709 4566 de
724 4500 852 4586 singulis
875 4497 1011 4564 omnibus
1032 4517 1105 4562 vere
1125 4499 1184 4564 dici
1203 4501 1310 4582 possit.
1348 4500 1399 4564 Sic
1419 4501 1553 4589 quidem,
1577 4501 1659 4584 quod
1681 4501 1696 4564 i
1715 4500 1785 4566 Cor.
1804 4504 1835 4581 7,
1852 4499 1894 4564 32
1910 4519 1952 4564 ss.

277 4622 316 4686 dc
336 4622 465 4686 diversis
485 4619 634 4686 coelibum
655 4625 687 4680 ct
707 4617 880 4680 maritorum
900 4615 998 4694 curia,
1024 4614 1133 4678 iiim.
1149 4615 1180 4692 5,
1197 4615 1227 4676 5.
1248 4614 1287 4677 de
1309 4614 1408 4678 uiduis
1428 4631 1514 4697 spem
1533 4633 1618 4680 surm
1638 4617 1669 4680 in
1684 4616 1750 4680 ileo
1770 4616 1952 4682 collocatam

279 4737 456 4802 habentibus
476 4737 620 4820 seriptum
641 4733 784 4819 legimus,
804 4749 865 4795 non
880 4732 919 4797 ad
934 4729 1071 4815 singulas
1086 4747 1207 4809 omnes,
1228 4731 1353 4813 opinor,
1373 4745 1522 4812 personas
1541 4747 1638 4812 aeque
1658 4732 1799 4815 pertinet.
1838 4730 1953 4805 Quam·

279 4871 367 4938 qucm
388 4854 456 4916 trita
477 4853 552 4916 baec
571 4859 602 4914 et
622 4866 699 4932 quac
717 4847 868 4912 neminem
887 4846 1011 4932 fugiant.
1033 4880 1066 4890 —
1085 4843 1204 4909 Meum
1225 4863 1306 4908 nunc
1329 4843 1408 4908 addo
1428 4845 1636 4928 superioribus
1659 4846 1847 4931 exemplum,
1871 4845 1952 4930 quod

280 4970 450 5054 praeterire
472 4937 635 5031 noluerim:
662 4963 677 5026 i
704 4961 772 5026 Cor.
797 4959 829 5042 9,
854 4960 904 5024 17.
933 4963 959 5024 cl
980 4959 1037 5052 γὰρ
1060 4959 1137 5025 ἑκὼν
1159 4969 1251 5025 τοῦτο
1272 4957 1409 5050 πράσσω,
1438 4957 1540 5048 μισθὸν
1563 4959 1639 5050 ipo,
1667 4961 1773 5046 quibus
1796 4963 1827 5026 in
1850 4961 1952 5025 verbis

279 5082 381 5172 ριιιθόν
397 5080 457 5172 ἔχω
473 5099 534 5147 non
550 5091 610 5148 est:
634 5078 745 5146 babere
761 5065 938 5162 praeculum,
958 5076 1028 5140 sed:
1052 5075 1163 5140 babere
1183 5094 1276 5160 posse
1297 5076 1346 5142 uel
1367 5075 1479 5142 debere
1494 5078 1514 5141 i.
1530 5095 1557 5142 e.
1573 5079 1709 5162 praemio
1730 5077 1852 5164 dignum
1872 5095 1952 5142 esse.

1601 5190 1631 5256 -3
