4724 5942
398 585 508 652 debent
529 585 595 648 sive
618 583 699 669 qnod
722 601 824 648 rernm
846 583 1027 664 conditioni,
1059 585 1157 668 qualis
1185 585 1239 665 sit,
1269 585 1446 662 conveniat,
1478 591 1510 648 ιιι
1531 593 1652 649 vertere
1679 584 1771 669 igitur
1798 583 1914 666 poesis:
1944 601 2071 668 regnum

400 702 556 780 coelorum
580 699 643 762 vult
665 701 696 762 vi
718 700 895 784 expugnari.
934 700 1002 774 Quo
1023 707 1120 764 sumto
1141 697 1292 764 Christum
1314 699 1408 763 babes
1430 699 1594 778 dicentem,
1617 699 1688 764 inde
1707 717 1725 761 a
1745 697 1863 762 loanne
1886 699 2014 792 baptista
2033 715 2072 764 ao

399 816 469 881 loeo
498 835 562 880 rem
591 833 678 894 esse,
709 822 741 878 ιιι
768 815 798 878 vi
821 833 933 878 summa
961 816 1034 880 eniti
1061 815 1198 881 homines
1225 817 1263 879 ad
1290 815 1493 898 arripiendum
1516 815 1572 877 Dei
1596 833 1725 898 regnum
1753 821 1902 896 oporteat.
1948 813 2073 878 blnltine

400 951 439 996 an
462 934 551 1016 pauci
573 931 632 994 hoc
655 938 760 1015 agant,
790 929 862 994 nihil
885 929 994 1011 celon,
1025 931 1173 1014 siquidem
1196 929 1306 995 Christi
1334 929 1455 994 ebatum
1479 947 1539 993 non
1563 929 1635 1011 quid
1656 938 1764 1014 ngatur
1791 929 1987 1012 pronunciat,
2019 927 2074 992 sed

404 1047 475 1131 quid
497 1046 648 1132 agendum
672 1047 720 1109 sit.

532 1163 698 1226 Literarum
727 1179 879 1224 sacrarum
909 1161 1013 1243 peritis
1041 1161 1115 1225 haec
1142 1161 1331 1244 dijudicanda
1358 1175 1513 1242 propono,
1543 1177 1603 1223 non
1627 1177 1684 1242 pro
1707 1161 1800 1224 certis
1823 1169 1853 1223 et
1876 1159 1957 1224 omni
1980 1157 2071 1222 dubio

400 1279 527 1340 exemtis
548 1277 669 1340 vendita
690 1276 775 1340 volo:
798 1275 902 1339 lacere
922 1285 1021 1340 tamen
1038 1294 1098 1340 non
1114 1295 1252 1360 possum,
1277 1277 1347 1358 quin
1368 1275 1645 1354 moneam,'blatth.
1664 1275 1716 1355 11,
1735 1275 1785 1338 lb.
1802 1284 1833 1339 et
1846 1276 1918 1339 Luc.
1936 1274 1988 1352 16,
2008 1273 2071 1353 16.,

401 1395 452 1476 qui
474 1393 560 1456 locus
583 1391 662 1455 idem
684 1391 758 1454 illud
781 1390 892 1454 Christi
915 1391 1025 1455 dictum
1048 1393 1138 1475 paulo
1162 1393 1227 1456 aliis
1250 1392 1352 1455 verbis
1375 1391 1502 1454 relatum
1525 1393 1676 1470 continet,
1699 1391 1947 1474 interpretatione
1969 1397 2074 1454 nostra

403 1507 543 1571 facillime
569 1508 650 1569 inter
679 1525 713 1570 sc
737 1508 902 1571 conciliari.
949 1507 1048 1570 Verba
1078 1508 1157 1590 apud
1186 1509 1296 1571 Lucam
1326 1507 1402 1570 haec
1431 1515 1514 1570 sunt:
1546 1505 1672 1592 ὁνόμος
1692 1505 1744 1569 καὶ
1766 1511 1793 1569 οι
1814 1513 1964 1594 προφῆται
1987 1503 2072 1592 μέχρι
2174 1541 2176 1548 <

403 1619 553 1686 Ἰωάννου·
591 1621 651 1685 ἀπὸ
677 1621 750 1686 τότε
777 1625 797 1692 ἡ
825 1621 961 1704 βασιλεία
986 1631 1041 1685 τοῦ
1068 1620 1135 1686 θεοῦ
1163 1612 1387 1712 εὐαγγελίζεται
1414 1623 1465 1685 καὶ
1492 1629 1549 1695 πᾶς
1576 1627 1616 1695 εἰς
1642 1621 1737 1692 αὐτὴν
1766 1611 1909 1704 βιάζεται.
1953 1619 2020 1684 laur
2043 1617 2073 1682 id

404 1738 523 1821 quidem
546 1736 653 1801 lalsum
676 1746 741 1816 est,
773 1737 853 1820 quod
876 1737 1012 1800 nonnulli
1035 1755 1112 1820 quae
1134 1741 1164 1802 in
1186 1737 1337 1813 llattbaeo
1365 1739 1520 1822 leguntur:
1545 1741 1569 1808 -ἠ
1593 1737 1728 1820 βασιλεία
1751 1727 1886 1821 βιάζεται
1911 1737 1966 1816 iis,
1996 1753 2073 1818 quae

402 1853 501 1918 Lucas
524 1853 627 1916 habet:
657 1856 677 1924 ἡ
700 1853 835 1935 βασιλεία
858 1843 1083 1941 εὐαγγελίζεται
1105 1855 1143 1916 ad
1166 1855 1290 1916 verbum
1313 1871 1488 1938 congruere
1515 1851 1690 1928 voluerunt3
1720 1851 1826 1914 lalrum
1849 1861 1912 1931 est,
1941 1853 2073 1934 inquam,

401 1969 475 2033 lllud
498 1967 653 2046 Matthaei:
686 1959 822 2050 βιάζεται
851 1969 966 2050 siquis
994 1969 1187 2051 interpretari
1213 1969 1299 2033 velit:
1330 1971 1361 2032 vi
1389 1986 1497 2052 magna
1525 1966 1732 2050 praedicatur:
1760 1967 1814 2030 sed
1842 1985 1877 2030 re
1904 1967 2074 2030 accuratius

403 2085 563 2167 explorata
590 2081 701 2146 nullam
724 2090 823 2146 tamen
847 2083 1050 2148 diversitatem
1074 2101 1144 2147 esse
1166 2084 1282 2148 videbis
1304 2085 1364 2148 nisi
1386 2102 1463 2166 quae
1487 2083 1552 2146 sola
1575 2084 1604 2145 in
1628 2081 1724 2145 torma
1747 2081 1895 2146 dictorum
1923 2091 2074 2145 versetur.

400 2200 476 2264 llam
499 2199 579 2281 quod
602 2181 769 2262 Matthaeus
792 2199 881 2278 dicit,
904 2201 935 2262 in
959 2217 997 2263 eo
1020 2217 1107 2278 esse,
1129 2207 1162 2263 ut
1184 2200 1320 2265 homines
1344 2200 1430 2281 quasi
1452 2201 1482 2262 vi
1498 2199 1576 2262 iacta
1595 2199 1625 2261 in
1648 2215 1777 2282 regnum
1801 2197 1932 2262 divinum
1956 2199 2074 2261 irruere

401 2316 546 2393 debeant,
578 2313 609 2377 id
640 2332 766 2397 munnam
794 2314 832 2379 de
861 2333 952 2379 causa
980 2316 1020 2378 ita
1049 2334 1084 2378 se
1112 2315 1233 2394 haheat,
1264 2317 1360 2379 Lucas
1387 2315 1513 2396 exponit
1539 2321 1571 2376 et
1597 2313 1718 2377 indicat.
1763 2313 1840 2377 Dum
1869 2317 1947 2376 enim
1969 2313 2021 2377 lex
2044 2319 2075 2376 et

401 2431 568 2516 prophetae
590 2437 735 2514 regnant,
758 2431 877 2512 piorum
900 2439 962 2509 est,
985 2449 1041 2513 spe
1061 2439 1092 2495 et
1111 2433 1338 2514 exspectatione
1362 2429 1460 2494 lutura
1483 2428 1637 2512 amplecti:
1660 2428 1711 2491 ubi
1730 2427 1920 2513 evangelium
1941 2447 1978 2492 ea
1998 2445 2075 2511 quae

402 2547 570 2631 prophetae
601 2547 818 2628 promiserant,
848 2547 911 2628 jam
939 2545 1017 2610 iacta
1045 2560 1115 2609 esse
1143 2555 1174 2612 et
1200 2565 1327 2632 regnum
1359 2545 1490 2609 divinum
1523 2545 1645 2608 venisse
1676 2545 1813 2623 nunciat,
1849 2563 1900 2608 res
1928 2559 2076 2628 praesens

402 2660 573 2744 arripienda
597 2669 653 2724 est.
699 2661 784 2736 Quae
807 2669 906 2726 autern
928 2661 1025 2724 Lucas
1049 2661 1144 2726 addit:
1167 2661 1218 2725 και
1239 2669 1297 2734 πᾶς
1320 2665 1359 2734 εἰς
1381 2659 1476 2730 αὐτὴν
1499 2651 1649 2742 βιάζεται,
1673 2659 1780 2724 eodem
1803 2677 1895 2726 sensu
1918 2661 1998 2725 dicta
2021 2679 2077 2724 ar-

403 2777 500 2840 bitror
527 2795 587 2858 que
614 2775 707 2840 verba
730 2775 873 2840 blatthaei
900 2776 947 2840 bis
970 2777 1200 2860 respondentia:
1229 2777 1281 2840 καὶ
1303 2776 1424 2860 βιασταὶ
1446 2765 1623 2862 ἁρπάζουσιν
1646 2775 1741 2846 ade-lv
1764 2777 1784 2838 i.
1807 2795 1835 2840 e.
1857 2795 1919 2841 non
1942 2777 1972 2840 id
1996 2775 2077 2859 quod

400 2891 452 2956 bat
473 2891 658 2975 significant,
682 2891 736 2954 sed
759 2892 840 2974 quod
859 2891 925 2956 lieri
945 2892 1062 2956 debeat.
1102 2893 1151 2957 Sic
1172 2894 1261 2956 etiam
1275 2891 1453 2978 Bengelius,
1478 2907 1654 2973 quamquam
1673 2891 1732 2954 alia
1752 2893 1871 2956 ratione
1894 2893 1953 2956 hoc
1977 2891 2076 2956 edicit.

402 3006 550 3087 Rosciae,
574 3007 684 3089 inquit:
714 3015 773 3081 πᾶς
795 2999 1002 3096 (βιαζόμενος)
1025 3011 1065 3082 εἰς
1086 3007 1181 3078 αὐτὴν
1205 2997 1254 3070 διαὶ
1275 3005 1330 3080 τῆς
1352 3007 1416 3090 βίας
1439 3004 1616 3094 εἰσέρχεται,
1645 3007 1724 3087 quod
1746 3007 1826 3071 idem
1847 3009 1879 3072 ln
1902 3009 2076 3073 annotatio·

403 3122 494 3188 nibus
515 3122 554 3185 ad
574 3121 668 3186 blare.
693 3121 725 3202 9,
748 3121 800 3186 19.
825 3123 894 3200 (ubi
912 3132 1048 3187 nostrum
1072 3121 1171 3187 locum
1193 3139 1251 3204 pro
1270 3123 1410 3206 exemplo
1433 3121 1539 3198 allent)
1566 3120 1669 3185 verbis
1688 3122 1788 3186 lathris
1807 3123 1838 3186 in
1860 3124 1939 3188 hune
1958 3124 2078 3188 modurn

404 3238 549 3322 explicat:
573 3236 711 3319 quilibet,
734 3239 785 3321 qui
799 3239 859 3301 vim
874 3239 1011 3319 adhibet,
1033 3239 1064 3302 ri
1079 3237 1210 3302 adhibita
1225 3239 1315 3302 intrat
1329 3239 1360 3302 in
1376 3255 1504 3324 regnum
1521 3236 1686 3301 coelorum.
1724 3239 1836 3303 Verum
1856 3239 1915 3303 hoc
1936 3248 2077 3322 qnantum

403 3355 442 3417 ad
471 3371 535 3416 rem
564 3353 660 3435 ipsam
690 3354 845 3431 existim03
878 3355 916 3418 de
943 3355 1061 3418 ratione
1089 3355 1283 3440 grammatica
1313 3363 1360 3417 cst
1391 3353 1472 3436 quod
1501 3352 1641 3416 dubitem.
1687 3354 1746 3417 Vix
1773 3357 1852 3418 enim
1883 3373 1939 3418 usu
1971 3353 2077 3418 venire

404 3467 569 3554 Bengelius
600 3476 723 3546 censet,
755 3475 787 3531 ιιι
816 3477 874 3543 πᾶς
904 3471 1038 3547 (omnis)
1068 3469 1265 3533 masculinum
1295 3468 1432 3533 absolute
1463 3475 1611 3552 ponatur,
1643 3468 1722 3551 quod
1753 3468 1804 3532 ubi
1832 3471 1899 3534 lieri
1929 3470 2078 3549 videatur,

404 3584 684 3648 determinationem
707 3585 835 3668 subjecti
855 3601 895 3646 ex
914 3585 1089 3668 praedicato
1111 3576 1271 3668 petendam
1295 3603 1379 3654 esse.¹
1413 3583 1530 3648 Alvero
1553 3601 1614 3648 nou
1634 3601 1734 3647 rarum
1753 3583 1812 3648 boc
1834 3585 1913 3669 apud
1929 3585 2077 3665 Graecos,

404 3702 493 3764 etiam
521 3697 606 3762 nullo
634 3701 755 3762 nomine
777 3699 879 3764 addito
902 3709 960 3775 πᾶς
982 3701 1055 3766 illud
1082 3701 1277 3765 mascnlinum
1300 3701 1340 3763 ita
1364 3701 1451 3783 poni,
1482 3708 1515 3763 ut
1542 3709 1690 3781 nmquam
1722 3717 1831 3764 nomen
1862 3699 2079 3765 substantivum

403 3817 443 3878 sit
466 3823 496 3878 et
518 3815 596 3878 idem
620 3813 719 3880 ualeat
741 3823 831 3897 atquc
853 3814 986 3890 ἕκαστος.
1033 3818 1134 3892 Quare
1157 3835 1193 3880 ea
1217 3816 1381 3893 sententia,
1412 3831 1499 3896 marn
1522 3813 1685 3900 Bengelius
1707 3814 1785 3894 vult,
1810 3815 1836 3878 si
1859 3816 1888 3878 in
1912 3817 1982 3880 loco
2006 3817 2080 3880 Luc.

407 3931 458 4010 16,
485 3931 534 3993 16.
566 3931 659 4008 inest,
692 3945 753 3992 non
781 3949 820 3994 ex
846 3934 969 3996 nomine
991 3939 1064 4012 πᾶς,
1095 3933 1149 3996 scd
1172 3951 1212 3995 cx
1233 3931 1328 3995 verbo
1351 3920 1487 4014 βιάζεται
1509 3931 1528 3993 1.
1552 3950 1579 3994 e.
1608 3949 1648 3994 ex
1669 3929 1722 3994 illo
1753 3949 1840 4012 quem
1869 3931 1994 3996 dicimus
2022 3949 2078 3996 uso

405 4047 551 4129 temporis
576 4047 747 4127 praesentis
771 4047 800 4110 in
824 4047 914 4112 modo
937 4047 1099 4113 indicativo
1122 4047 1280 4112 elicienda.

567 4164 597 4233 ς.
614 4161 648 4222 V.
687 4160 732 4224 De
753 4162 820 4244 ipso
842 4163 962 4227 nomine
981 4171 1039 4238 πᾶς
1058 4163 1194 4226 nonnihil
1216 4161 1435 4226 observandum
1454 4161 1544 4223 venit.
1581 4159 1752 4245 Negatione
1772 4161 1831 4225 hoc
1847 4161 1896 4225 vel
1911 4164 2080 4245 praemissa

404 4275 454 4339 rel
477 4274 635 4358 subjuncta
658 4293 714 4358 per
736 4276 939 4340 hebraismum
962 4295 1019 4360 pro
1043 4267 1138 4352 οὐδείς
1160 4279 1301 4361 usurpari
1329 4277 1478 4340 neminem
1505 4275 1596 4358 iupit;
1626 4275 1705 4340 idem
1732 4277 1896 4362 negatione
1923 4277 2005 4342 nulla
2027 4279 2079 4342 iu-

404 4390 580 4454 tercedente
603 4408 641 4454 eo
664 4409 877 4474 nonnunquam
901 4394 931 4456 in
953 4411 1010 4456 usu
1038 4401 1102 4472 est,
1133 4402 1164 4457 ut
1191 4393 1256 4457 iere
1285 4392 1472 4476 pronominis
1502 4391 1647 4454 indefiniti
1676 4390 1746 4454 loco
1774 4391 1878 4456 haberi
1904 4393 2002 4474 possit
2030 4393 2081 4457 vel

403 4506 529 4589 propius
552 4513 637 4580 certe
660 4506 698 4569 ad
721 4507 808 4592 hujus
831 4507 1083 4594 significationem
1110 4509 1244 4573 accedat.
1290 4507 1464 4598 Quodetsi
1490 4507 1587 4588 ipsum
1616 4523 1736 4590 quoque
1765 4506 1950 4586 hebraismo,
1982 4509 2079 4591 qualis

405 4623 437 4686 in
460 4620 608 4685 vocabulo
632 4612 670 4679 ΒΞ
695 4621 824 4704 obtinet,
855 4624 953 4688 simile
980 4625 1036 4704 sit,
1068 4643 1085 4687 a
1113 4623 1331 4689 consuetudine
1359 4640 1472 4708 graeca
1503 4641 1690 4704 nequaquam
1721 4621 1872 4685 abhorret.
1911 4621 2081 4690 Pronomen

405 4737 486 4802 enim
507 4735 665 4802 relativum
687 4736 766 4813 ὅστις
788 4738 935 4822 siquando
959 4739 1111 4803 indelinite
1134 4739 1307 4823 ponendum
1327 4745 1359 4802 et
1380 4739 1465 4819 quast
1485 4736 1623 4802 latiorem
1643 4737 1673 4800 in
1695 4737 1835 4802 ambitum
1859 4740 2081 4806 extendendum

406 4843 473 4933 est,
487 4860 538 4916 aut
557 4853 723 4934 particulae
741 4848 803 4932 οὖν,
825 4843 938 4926 δήποτε
959 4854 1178 4919 subnectuntur
1197 4862 1248 4919 aut
1266 4860 1324 4926 παις
1343 4852 1551 4935 praemittitur.
1589 4852 1653 4916 „At
1669 4859 1727 4925 πᾶς
1745 4859 1859 4917 mutum
1874 4855 1905 4916 in
1921 4856 2078 4941 singulari,

348 5007 350 5012 -
407 4987 445 5032 ac
468 4967 534 5032 lere
557 4969 587 5030 in
611 4967 783 5033 nominandi
806 4987 894 5050 casu,
921 4977 980 5045 πᾶς
1001 4965 1102 5043 dcem:
1126 4970 1311 5052 quicunque3
1339 4968 1369 5030 in
1391 4967 1503 5052 plurali
1524 4973 1624 5032 auteur
1645 4965 1757 5040 πάντες
1778 4965 1856 5049 ὅσοι,
1886 4987 1947 5034 non
1969 4969 2080 5046 πάντες

406 5084 528 5164 οἵτινες,
560 5084 588 5148 id
621 5092 685 5149 est:
717 5093 894 5170 ιγιιοιιγιιοι.ι6
940 5086 1043 5170 liger.
1069 5105 1104 5183 p.
1132 5082 1175 5148 26
1203 5102 1228 5146 s.
1274 5081 1365 5166 cujas
1395 5083 1440 5147 rei
1472 5083 1590 5147 illustre
1619 5081 1789 5164 exemplum
1821 5083 1915 5150 babes
1944 5087 1975 5150 in
2007 5086 2078 5152 loco
