4724 5942
1023 367 1239 442 ..5-

296 584 328 654 ς.
352 577 404 640 95.
427 585 490 642 not.
517 575 591 657 13),
614 577 670 642 sed
691 594 752 642 oon
774 595 812 642 ea
833 584 881 640 est
903 580 995 642 causa
1022 574 1229 656 dubitationis,
1258 577 1339 659 quod
1366 583 1524 660 utrumque
1551 585 1669 660 tempus
1696 581 1846 644 communi
1868 579 1966 650 loma

296 713 359 760 noo
387 693 495 760 debeat
516 692 657 770 iudicari;
683 709 750 756 nam
778 707 872 775 saepe
900 693 931 758 id
958 692 1025 758 ieri
1052 691 1224 758 contessum
1251 700 1299 756 est
1325 699 1357 756 et
1379 691 1575 758 manifestum.
1620 692 1718 776 llajor
1746 693 1905 763 difficultas
1935 697 1967 760 iu

297 828 353 888 ao,
381 807 464 890 qood
486 808 592 893 regula
614 808 808 892 grammatica
830 806 972 872 Futurum
995 806 1068 872 illud
1091 807 1315 872 circumflexum
1338 823 1399 872 non
1428 806 1569 886 admittit,
1596 808 1655 872 nisi
1682 809 1796 874 vocalis
1823 817 1893 876 ante
1915 811 1967 874 in-

298 925 509 990 clinamentum
532 921 617 986 verbi
639 929 781 1006 correpta
804 923 853 984 sit
900 922 1083 1004 Quamquam
1107 940 1146 984 ne
1168 922 1227 986 boc
1249 922 1368 1004 quidem
1391 921 1489 986 solum
1511 922 1649 1005 impedit,
1673 926 1831 1006 quominus
1854 925 1967 990 formas

298 1047 440 1130 γιννᾶται
461 1036 563 1102 btaub
588 1035 619 1116 2,
642 1036 685 1115 4.,
709 1039 870 1125 ἐρημοῦται
892 1037 932 1100 ib.
959 1035 1011 1116 12,
1035 1034 1100 1116 25,
1122 1043 1198 1100 ποιῶ
1220 1037 1261 1100 ib.
1285 1035 1339 1115 26,
1366 1035 1432 1115 18.,
1455 1039 1630 1102 ἀπαιτοῦσιν
1652 1039 1724 1104 Luc.
1750 1040 1802 1122 12,
1826 1041 1895 1121 2⁰,
1917 1063 1968 1106 τι·

296 1159 433 1241 λειοῦμαι
453 1153 494 1216 ib.
520 1149 572 1231 13,
596 1149 649 1217 32.
673 1159 704 1214 et
727 1150 757 1214 id
779 1169 878 1236 genus
905 1151 979 1216 alias
1007 1152 1038 1216 in
1065 1167 1191 1214 numero
1218 1151 1397 1216 Futurorum
1425 1169 1586 1234 ponamus:
1614 1155 1740 1237 primum
1770 1163 1841 1218 ante
1867 1155 1967 1220 omnia

296 1271 356 1334 boc
379 1268 492 1346 obstat,
520 1267 601 1348 quod
624 1266 752 1351 singulis
775 1267 841 1330 istis
867 1267 944 1330 locis
966 1267 1063 1348 ipsum
1090 1273 1207 1346 tempus
1230 1283 1377 1348 praesens
1401 1269 1513 1350 optime
1536 1270 1687 1332 convenit.
1731 1269 1846 1334 Nostro
1868 1277 1968 1350 autem

295 1385 367 1450 loco
390 1401 479 1466 quom
503 1400 564 1446 oon
587 1383 666 1446 bene
688 1382 859 1460 conveniat,
883 1382 1009 1446 uturum
1032 1381 1104 1444 illud
1127 1380 1344 1462 explorandum
1367 1381 1513 1468 detege,
1542 1401 1629 1464 qoam
1656 1383 1785 1450 diximus
1811 1403 1967 1470 gramma·

295 1502 366 1566 tica.
411 1498 533 1564 Vocalis
555 1521 577 1562 α
597 1499 690 1582 igitur
711 1499 742 1562 in
765 1498 976 1562 terminatione
999 1496 1102 1560 Futori
1124 1493 1345 1585 ἀγαλλιάσομαι
1364 1497 1391 1559 si
1411 1495 1503 1580 longa
1524 1499 1573 1576 sit,
1597 1517 1688 1562 causa
1708 1499 1857 1564 cecidisse
1877 1499 1967 1564 vido-

296 1616 406 1692 bimur;
428 1631 497 1678 nam
518 1615 563 1678 sic
582 1621 703 1696 praeter
721 1613 859 1698 requiam
877 1613 939 1692 liet,
962 1620 995 1676 ut
1014 1613 1045 1674 in
1060 1611 1200 1674 Futurum
1219 1613 1340 1676 atticum
1356 1618 1500 1676 transeat.
1538 1611 1683 1678 Concedo
1703 1615 1843 1696 equidem
1863 1633 1968 1678 verum

297 1731 356 1796 boc
378 1748 465 1808 esse,
494 1729 549 1792 sed
576 1730 617 1792 ita
644 1737 676 1792 ut
702 1729 855 1794 levissime
882 1748 900 1792 a
927 1727 1034 1812 regula
1062 1726 1232 1790 aberratum
1259 1727 1437 1792 existimem.
1482 1727 1615 1810 llepotes
1638 1747 1752 1812 quaeso
1777 1729 1863 1792 verbi
1885 1728 1968 1811 quod

298 1848 329 1911 in
351 1845 557 1928 quaestionem
580 1844 662 1906 venit
684 1861 830 1924 quaenam
851 1845 928 1906 ratio
951 1850 983 1906 et
1004 1850 1110 1906 natura
1132 1843 1180 1906 sit.
1224 1842 1340 1925 Nempe
1363 1841 1435 1906 illud
1458 1851 1505 1906 est
1527 1845 1652 1908 verbum
1674 1844 1755 1927 quod
1771 1843 1897 1908 Graecis
1917 1845 1969 1906 in-

295 1962 427 2026 auditum
442 1959 626 2024 Hellanistac
642 1958 759 2022 demum
775 1977 815 2022 ex
830 1959 965 2037 materia,
988 1959 1015 2021 si
1029 1956 1237 2022 lluttmanoum
1252 1956 1355 2021 audias
1376 1962 1423 2032 (v.
1444 1958 1572 2022 Gramm.
1589 1958 1625 2020 N.
1643 1959 1677 2022 Τ.
1693 1979 1723 2042 p.
1739 1960 1812 2038 db),
1836 1975 1968 2043 peregre

296 2077 412 2142 adscita
434 2084 465 2140 et
487 2075 615 2140 barbara
637 2072 829 2138 effinxerunt.
867 2073 987 2156 ltaque,
1010 2072 1061 2136 ubi
1083 2091 1181 2155 neque
1204 2072 1392 2136 consuetudo
1415 2089 1527 2157 graeca
1549 2074 1824 2156 pronuntiationem
1847 2082 1968 2156 tempe·

295 2191 382 2256 rabat
403 2208 502 2273 nequa
524 2173 665 2276 analogia
687 2188 834 2271 quaedam
857 2195 941 2252 carta
963 2195 1033 2250 ante
1056 2186 1163 2252 oculos
1185 2187 1416 2266 observabatur,
1445 2189 1515 2270 quid
1543 2189 1667 2267 mirum,
1695 2189 1722 2252 si
1749 2188 1799 2252 vel
1827 2195 1968 2252 auctores

296 2307 383 2372 verbi
403 2299 455 2370 'vel
477 2306 528 2388 qui
550 2323 636 2369 usum
660 2305 725 2386 ojus
748 2321 809 2368 non
832 2304 1032 2386 respuebant,
1060 2303 1099 2368 de
1126 2302 1225 2366 vocali
1252 2302 1448 2385 producenda
1470 2311 1521 2366 aot
1543 2304 1735 2387 corripienda
1758 2323 1864 2388 parum
1886 2305 1969 2368 auxii

295 2429 327 2488 et
349 2422 470 2486 solliciti
491 2421 624 2486 fuerint?
659 2419 732 2484 Erat
754 2420 889 2502 insuper,
913 2437 973 2500 quo
996 2419 1097 2484 induci
1119 2425 1255 2500 possent,
1278 2426 1311 2480 ot
1333 2436 1351 2480 a
1373 2435 1477 2482 norma
1501 2419 1664 2501 prosodiae
1687 2420 1897 2484 deflecterent:
1921 2418 1968 2482 si-

297 2537 491 2603 militudinem
514 2535 595 2615 dico,
618 2553 695 2617 quae
717 2535 796 2598 inter
819 2534 911 2598 verba
934 2535 965 2597 in
992 2569 1026 2579 -
1053 2555 1099 2597 ato
1122 2542 1153 2598 et
1175 2535 1206 2597 in
1233 2569 1267 2578 -
1294 2525 1359 2609 αζω
1382 2537 1417 2608 (a
1437 2533 1542 2598 radice
1562 2523 1603 2596 αδ
1623 2533 1774 2612 derivata)
1796 2533 1968 2600 intercedit

296 2653 443 2734 Denique,
466 2669 506 2716 ne
528 2651 639 2736 longos
659 2651 726 2728 sim,
749 2651 776 2714 si
794 2649 855 2714 olla
875 2650 906 2712 in
925 2667 961 2714 re
981 2648 1131 2714 aberratio
1152 2649 1189 2711 ab
1208 2649 1328 2734 legibus
1346 2649 1611 2734 grammaticorum
1626 2652 1851 2728 excusationem
1866 2649 1968 2729 babet,

290 2768 437 2832 ‘Fumrum
459 2766 518 2830 boc
541 2767 663 2830 atticum
685 2767 877 2855 ἀγαλλιῶμαι
900 2765 1019 2828 minime
1042 2763 1264 2846 reprobandum
1287 2783 1358 2828 esse
1381 2763 1537 2828 arbritror.

455 2885 486 2955 §-
510 2881 547 2944 ll.
593 2880 653 2946 Sed
680 2881 753 2944 satis
781 2879 819 2944 de
846 2881 902 2944 bis.
948 2879 997 2944 Ad
1024 2881 1207 2960 syntecticus
1235 2880 1365 2944 devenio
1395 2880 1589 2964 quaestiones
1617 2885 1648 2942 et
1675 2877 1904 2942 observationes
1930 2895 1968 2942 ac

297 2998 395 3080 primo
418 2995 537 3080 quidem
559 2996 630 3061 loco
646 2995 781 3078 paucula
804 2995 949 3076 quaedam
972 2995 1010 3060 da
1029 3011 1086 3058 usu
1105 2995 1223 3060 articuli
1242 3003 1400 3060 notaturus
1419 3011 1494 3058 sam.
1532 2993 1628 3068 Quam
1647 2993 1698 3058 ubi
1716 2992 1837 3058 adbibet
1855 3011 1967 3058 novum

295 3119 521 3191 tastamentum,
547 3112 669 3196 poecis
698 3130 767 3176 cum
795 3109 993 3193 sumptoribus
1016 3110 1165 3190 concinit,
1193 3111 1224 3174 in
1252 3109 1416 3174 omittendo
1439 3117 1538 3174 aotam
1560 3111 1601 3174 ito
1623 3127 1686 3174 nou
1708 3127 1780 3174 raro
1804 3109 1968 3194 discrepat,

295 3236 328 3294 ot
349 3227 480 3306 modum,
502 3227 582 3290 intra
604 3243 692 3308 quern
714 3225 786 3290 boni
807 3233 949 3290 auctores
972 3233 1132 3305 steterant,
1155 3224 1292 3290 excedat.
1330 3223 1498 3307 Praecipua
1520 3224 1608 3307 bujus
1631 3225 1804 3288 omissionis
1828 3224 1967 3307 exempla

296 3343 346 3408 Al.
362 3343 557 3406 Buttmannus
577 3341 671 3424 patris
691 3341 851 3404 clarissimi
869 3342 1093 3425 grammaticam
1112 3359 1254 3426 graecam
1274 3348 1398 3404 secutus
1418 3349 1545 3422 quatuor
1564 3339 1712 3423 capitibus
1728 3339 1966 3422 comprehendit.

296 3461 372 3524 Sunt
393 3467 493 3524 autern
516 3459 591 3522 baec
614 3457 726 3539 capita:
756 3473 863 3520 carere
889 3473 984 3540 posse
1006 3456 1134 3522 articulo
1156 3457 1297 3520 notiones
1319 3456 1508 3520 universales
1531 3459 1624 3537 (quas
1646 3454 1748 3520 dicunt
1770 3455 1967 3536 abstractas),

298 3575 368 3640 dein
390 3593 427 3638 aa
449 3574 587 3652 nomina,
614 3590 690 3654 quaa
718 3579 854 3636 naturam
881 3572 1010 3636 nominis
1037 3572 1154 3655 proprii
1180 3570 1401 3652 quodammodo
1428 3571 1591 3655 attingant,
1618 3588 1712 3654 porro
1734 3571 1801 3651 illa,
1829 3589 1906 3654 quae
1928 3587 1968 3634 ex

295 3691 363 3772 ipso
386 3697 496 3753 tenore
518 3688 668 3752 sermonis
691 3695 723 3751 et
745 3693 889 3752 contextu
911 3688 984 3750 satis
1008 3686 1201 3751 determinari
1223 3686 1357 3765 soleant,
1381 3694 1414 3750 ut
1435 3684 1525 3774 ἀνήρ,
1548 3685 1638 3774 quvi,
1661 3684 1735 3764 υἱός,
1758 3695 1862 3775 γονεῖς,
1883 3685 1968 3760 πόλις

295 3803 347 3882 al,
370 3803 499 3884 denique
518 3802 662 3867 tornatas
683 3802 827 3884 quasdam
847 3801 1036 3866 adverbiales
1057 3819 1112 3865 seo
1132 3800 1344 3866 adverbiorum
1358 3801 1428 3864 loco
1444 3799 1597 3864 habendas
1612 3800 1794 3884 easdemque
1810 3803 1967 3866 maximam

294 3926 412 4003 partem
434 3936 474 3982 ex
495 3916 770 4002 praepositionibus
793 3926 888 4002 aptas.
934 3917 968 3980 ln
991 3935 1051 4000 quo
1073 3933 1190 4001 genere
1212 3924 1366 3998 postremo
1389 3934 1475 3980 osum
1502 3917 1574 3980 novi
1600 3918 1770 3980 testamenti
1793 3915 1967 3980 liberiorem

295 4033 556 4098 aooosuetudine
578 4051 691 4117 praem
713 4051 752 4096 eo
781 4031 947 4112 dissidere,
976 4032 1057 4117 quod
1084 4032 1242 4096 articulum
1268 4033 1395 4096 reticeat
1421 4032 1538 4094 etiamsi
1564 4031 1634 4096 illae
1662 4030 1810 4096 formulae
1837 4033 1875 4096 ad
1902 4049 1967 4096 ram

296 4151 481 4234 singularam
503 4148 618 4212 relatae
639 4156 671 4212 et
691 4148 793 4212 linitae
815 4149 885 4212 sint.

457 4264 539 4328 Scite
560 4263 637 4328 baec
659 4263 838 4345 etreliqua,
861 4270 894 4326 ut
916 4262 1005 4344 solet,
1027 4261 1224 4327 Buttmannus
1245 4263 1400 4344 exposuit:
1424 4279 1494 4326 esso
1514 4269 1613 4326 tamen
1632 4261 1777 4341 arbitror,
1802 4279 1879 4344 quae
1899 4259 1969 4325 addi

297 4381 416 4463 possint
439 4379 487 4442 vel
510 4377 646 4442 debeant.
685 4377 761 4442 Illud
784 4379 903 4461 quidam
927 4379 1030 4462 exigui
1049 4379 1190 4442 momenti
1210 4387 1257 4442 est
1277 4385 1308 4442 et
1328 4379 1380 4442 vix
1398 4377 1521 4463 dignum
1541 4385 1718 4456 memoratu,
1742 4395 1863 4457 nomen,
1886 4377 1967 4460 quod
1996 4412 2003 4424 ·

296 4513 452 4560 numerum
474 4494 589 4558 ordinis
612 4492 744 4558 additum
767 4493 886 4574 babeat,
908 4501 941 4556 ut
963 4492 1042 4576 apud
1064 4491 1210 4570 Graecos,
1232 4493 1274 4556 ita
1296 4493 1326 4556 in
1347 4509 1428 4556 novo
1449 4501 1629 4558 testamento
1649 4490 1852 4576 supersedere
1873 4507 1966 4576 posse

296 4611 433 4674 articulo.
472 4609 531 4674 Sed
552 4609 610 4673 alia
630 4615 699 4673 sant
721 4609 858 4690 exempla
877 4609 964 4692 bujos
984 4609 1190 4691 praetermissi
1209 4616 1240 4671 et
1254 4609 1380 4692 pluriora
1397 4608 1516 4690 quidem
1535 4609 1575 4672 ita
1591 4615 1774 4691 comparata,
1798 4615 1831 4671 ot
1845 4607 1968 4694 linquae

295 4725 456 4790 hebraicae
479 4727 695 4809 proprietatem
717 4723 860 4788 redolere
882 4723 1049 4788 videantur.
1096 4723 1172 4786 Dico
1195 4722 1242 4803 id,
1273 4723 1354 4806 quod
1376 4725 1407 4786 in
1430 4721 1567 4787 omnibus
1595 4724 1667 4788 novi
1688 4723 1860 4788 testamenti
1882 4723 1967 4788 libris

295 4839 375 4904 baud
396 4860 497 4905 rarum
521 4849 584 4919 est,
607 4857 732 4919 nomen,
756 4839 805 4902 cui
826 4840 978 4923 genitivus
1000 4838 1159 4923 adjunctus
1182 4840 1235 4918 sit,
1258 4835 1399 4930 ἄναρθρον
1422 4838 1494 4922 poni
1518 4837 1591 4914 (eir.
1614 4839 1696 4902 Win.
1720 4843 1750 4913 s.
1778 4837 1827 4902 18.
1853 4837 1883 4901 2.
1907 4838 1965 4914 b).

297 4955 469 5020 Cavendum
492 4957 622 5040 quidem,
645 4975 684 5020 ne
706 4975 746 5020 ex
768 4954 871 5019 indole
893 4955 1016 5042 linguae
1038 4955 1222 5019 vernaculae
1243 4955 1321 5018 banc
1342 4973 1407 5018 rem
1430 4955 1587 5018 metiamur
1609 4963 1639 5018 et
1661 4974 1746 5020 usum
1769 4955 1888 5020 articuli
1906 4971 1966 5018 ne-

296 5071 462 5135 cessarium
481 5072 666 5155 judicemus,
690 5071 859 5152 ubicunque
882 5089 920 5135 eo
943 5072 985 5135 uti
1007 5073 1105 5136 nostri
1126 5071 1220 5135 moris
1243 5077 1299 5134 est.
1344 5069 1539 5134 Rottmanous
1562 5088 1682 5154 quoque
1704 5089 1815 5138 vercor
1837 5077 1869 5136 ut
1891 5070 1966 5134 satis
